3050 5096
409 416 489 514 'ue
530 433 813 505 tonnnnrs
851 418 1294 507 oxunsrmnum'

415 629 518 697 pore,
550 627 613 692 pro
648 607 898 673 conservatione
929 607 1157 689 praeliminaris
1188 611 1357 692 pactionis

415 741 449 791 et
481 726 653 791 securitate
683 739 746 788 tom
777 720 1042 802 foederatorum,
1068 743 1164 804 quam
1191 725 1356 795 adhaeren·

414 840 523 920 1ium,
547 861 622 906 cum
643 836 838 904 Caesarianis
859 837 1166 920 reciprocavimus,
1192 839 1231 904 de
1254 842 1357 908 inter·

415 955 604 1038 pretatione
630 951 712 1017 salvi
734 926 927 1014 eonductus
956 947 1118 1033 Caesarei,
1143 941 1249 1035 ntimo
1274 953 1377 1023 con·¹

373 1074 375 1080 '
411 1067 526 1154 gressu
544 1049 668 1146 solvit,
692 1078 725 1129 et
741 1083 775 1129 re
791 1065 927 1147 penitus
945 1064 1112 1148 inspecta,
1138 1065 1249 1135 salvos
1271 1090 1354 1136 con-

366 1213 370 1219 ·
411 1171 536 1246 ductus
570 1179 724 1266 speciales
751 1173 809 1246 sub
835 1180 894 1248 suo
926 1194 959 1245 et
986 1176 1186 1265 collegatum
1216 1184 1351 1252 suorum

406 1296 562 1377 momine,
585 1275 860 1378 pro'Straisunda
883 1310 915 1360 et
944 1295 1124 1377 Emoniia,
1151 1298 1235 1362 tradi
1256 1303 1364 1365 cura-²

406 1411 476 1477 vit.
510 1437 514 1444 ·
544 1409 621 1497 Qut
653 1409 686 1474 r'e
717 1412 855 1476 alterum
887 1409 1194 1491 impedimentorum
1221 1413 1278 1476 iric
1302 1413 1351 1477 in·

406 1521 574 1591 iecto'rum
607 1525 670 1590 ivit
692 1509 870 1590 sublatum.
918 1525 1069 1588 Alterum
1097 1526 1205 1590 adhuc
1234 1527 1351 1608 restat,

405 1644 440 1704 'et
464 1635 617 1704 consistit
638 1637 673 1700 in
698 1635 891 1700 admistione
919 1651 1066 1717 quatuor
1093 1639 1268 1706 admodum
1291 1641 1352 1708 sta·

405 1733 540 1834 tumne
564 1767 650 1832 quos
686 1749 868 1816 Caesareani
908 1752 1093 1818 voluerunt
1127 1756 1300 1822 excludere
1330 1775 1349 1824 a

405 1863 714 1931 toniultationibus
758 1865 911 1930 ordinum
956 1867 1012 1932 hie
1050 1867 1228 1935 institutis.
1295 1871 1347 1939 De

404 1980 465 2047 illa
490 1999 523 2046 re
556 1997 645 2045 nunc
671 1998 730 2062 per
757 1978 937 2063 deputatos
970 1983 1055 2047 inter
1087 1983 1116 2048 se
1142 1985 1174 2048 in
1204 1987 1264 2052 hac
1289 2003 1348 2053 ur·

403 2069 444 2159 ite
480 2092 657 2161 conferunt
695 2094 965 2179 Osnabrugenses
994 2109 1026 2160 et
1059 2093 1344 2168 Motrasterienses.

237 2236 240 2240 ·
291 2195 293 2202 ’
331 2287 333 2292 Ι
403 2203 441 2280 Si
467 2207 500 2288 in
526 2207 583 2270 illa
608 2207 795 2289 quaestione
819 2209 976 2290 utrinque
997 2213 1171 2278 conveniri
1196 2217 1345 2298 poterit,

401 2339 473 2388 non
494 2315 636 2386 multum
666 2321 836 2402 est¹quod
857 2324 913 2385 hic
938 2324 1092 2402 replicam
1125 2334 1274 2393 nostram
1301 2341 1346 2397 ex
1387 2348 1393 2364 ·

400 2443 548 2500 tractatu
575 2435 695 2498 morari
719 2432 839 2516 possrt.
886 2435 923 2498 ln
950 2436 1074 2516 quibus
1105 2452 1142 2501 ut
1165 2438 1344 2510 secundum
1426 2467 1429 2472 ·

399 2543 544 2615 foederis
572 2567 718 2612 normam
743 2550 813 2630 pari
837 2547 935 2631 passu
966 2565 1199 2634 concentuque
1225 2565 1344 2637 proee-³

389 2663 520 2741 .datur,
545 2659 637 2724 brevi
662 2679 735 2724 curn
764 2661 925 2742 legatione
944 2662 1075 2728 Gallica
1095 2669 1252 2750 congredi
1281 2670 1342 2738 stad

396 2776 538 2841 tuimus.
606 2775 727 2854 quue
754 2775 886 2840 nomine
912 2795 968 2858 per
992 2779 1041 2844 t).
1065 2782 1095 2844 ia
1113 2781 1220 2848 Borde
1250 2803 1341 2852 nune
1423 2795 1426 2802 ’

397 2892 557 2956 certiores
591 2887 681 2951 reddi
711 2891 866 2969 cupimus
900 2890 939 2953 de
971 2895 1146 2957 commodo
1177 2912 1338 2982 ternpore.

396 3003 433 3070 si
457 3023 550 3086 que,
572 3001 638 3066 five
661 3004 694 3066 in
716 3004 776 3068 iiio
793 3004 994 3087 congressu,
1021 3003 1085 3074 five
1114 3013 1193 3076 alias
1217 3015 1255 3079 in·
1272 3015 1339 3080 hoe

391 3127 557 3197 tractatu,
582 3115 762 3181 acciderint
789 3120 955 3184 communi
980 3123 1108 3190 ratione
1131 3109 1242 3194 vestra
1267 3147 1337 3196 non

392 3231 550 3315 indigna,
585 3233 678 3314 plene
711 3231 905 3299 referentur.
978 3236 1105 3304 Interea
1139 3243 1333 3325 veiitcos,

392 3365 534 3431 quorum
558 3346 718 3426 interest,
743 3349 901 3414 certiores
925 3349 1030 3415 facere
1056 3369 1180 3422 nostrae
1204 3357 1353 3440 fincerae·

391 3459 613 3539 intentionis,
639 3461 796 3542 quodque
823 3483 888 3528 rem
922 3483 1125 3533 communem
1150 3473 1334 3538 communi-

278 3647 284 3658 ,
329 3621 337 3626 -
390 3578 455 3644 bus
480 3574 627 3641 consiliis
653 3595 760 3659 gerere
785 3577 1012 3644 direxerimus.
1073 3583 1176 3671 Quod
1199 3603 1333 3653 concer·

390 3691 441 3754 nic
468 3692 616 3771 privatas
643 3707 771 3760 vestras
799 3714 850 3759 res
885 3711 917 3759 et
945 3695 1094 3778 stipendii
1120 3711 1267 3782 partem,
1291 3700 1331 3766 de

392 3823 458 3886 qua
483 3823 577 3869 xvnt
603 3803 773 3874 Novemb.
801 3807 841 3873 ad
868 3827 916 3873 me
944 3807 1201 3894 scriptumest,
1231 3815 1328 3880 locu-

388 3926 446 3984 tus
473 3918 541 3985 sum
567 3917 606 3984 de
627 3939 662 3986 ea
687 3941 719 3987 re
745 3945 819 3991 cunr
842 3924 889 3992 D.
908 3924 1035 3993 Salvio.
1085 3927 1178 3995 Dicit
1199 3926 1231 3992 se
1249 3929 1328 3994 iam·

392 4033 412 4048 ‘¹
1266 4039 1331 4105 du·
