3030 5102
449 416 486 482 18
590 415 932 486 HUGONIS
977 413 1256 486 GROTII

449 599 529 667 quas
557 585 591 651 in
625 587 699 652 solo
730 587 850 664 hostili
877 588 1132 654 Transrhenano
1160 605 1228 652 nort
1257 579 1288 654 se
1315 588 1396 654 sus·

448 712 572 764 tentare
603 697 730 766 tantum
763 701 820 767 sed·
844 718 877 766 et
907 699 1083 784 processus
1115 699 1251 786 magnos
1278 701 1391 768 facere

446 811 568 894 posstt.
614 797 966 899 Optabantl’rincipes
985 831 1022 883 ut
1041 799 1073 883 et
1090 815 1393 901 Coningstuarclti·

447 947 488 998 us
530 944 561 994 et
593 931 722 997 Hasstci
750 930 878 1014 possint
907 932 1017 999 venire
1051 931 1084 996 in
1117 931 1189 996 loca
1225 931 1393 1016 itapro·

445 1044 593 1128 pinque,
618 1045 726 1126 ut,-st
755 1065 806 1111 res
835 1045 955 1128 ferret,
981 1046 1036 1114 aiii
1065 1039 1140 1110 aliis
1165 1045 1292 1110 auxilio
1319 1045 1393 1109 esse

362 1219 365 1226 .
414 1157 590 1240 possint.
643 1162 723 1227 Dixi
750 1179 797 1224 me
824 1181 996 1227 memorem
1022 1160 1188 1226 futurum.
1249 1157 1392 1224 Videbi-

446 1289 520 1336 mus
542 1273 604 1340 iarn
631 1274 864 1360 quis'futurus
884 1273 924 1340 stt
947 1289 999 1340 tot
1025 1274 1192 1339 bonorum
1216 1270 1389 1337 dictorum

444 1401 599 1454 eventus.
664 1388 745 1455 Vidi
773 1389 951 1470 epistolam
979 1389 1086 1454 Ducis
1113 1387 1234 1452 littori
1258 1386 1298 1452 ad
1318 1387 1391 1452 Da·

445 1502 508 1567 uiae
533 1503 653 1588 Regem
667 1542 684 1584 ‚-
696 1505 729 1568 in
755 1521 819 1583 qna
834 1501 863 1565 ei
882 1500 1071 1583 persuadere
1087 1501 1230 1581 nititur,
1254 1520 1305 1566 tes
1323 1501 1389 1565 Pa-

445 1616 566 1680 latinas
598 1635 665 1680 nun
697 1616 731 1680 in
768 1630 937 1681 conventu
969 1614 1143 1697 universali
1175 1615 1389 1694 tractandas,

450 1729 504 1794 sed
519 1731 674 1796 Viennae:
706 1730 739 1794 id
754 1733 838 1796 enim
861 1745 893 1795 et
917 1733 1024 1816 legato
1042 1731 1194 1796 Romano
1211 1727 1386 1814 placuisse.

446 1844 495 1911 Et
527 1845 606 1927 quia
638 1845 770 1910 videbat
804 1846 906 1910 obiici
938 1844 997 1909 srbi
1027 1844 1123 1932 posse
1154 1846 1220 1910 tuti
1254 1845 1386 1910 itineris

446 1958 627 2042 diplomata
660 1977 722 2040 pro
757 1960 915 2026 Palatinis
953 1958 1089 2042 Legatis
1127 1973 1221 2024 tauto
1259 1960 1388 2044 Regum
1487 1961 1488 1992 l

446 2073 560 2136 labore
584 2074 740 2152 obtenta,
770 2074 891 2137 festiue
913 2072 1102 2154 respondit,
1135 2092 1202 2138 non
1230 2072 1326 2156 posse
1349 2071 1384 2137 id
1487 2091 1488 2152 t

358 2169 360 2174 ⁵
445 2185 508 2254 fibi
533 2186 677 2264 obstare,
698 2187 822 2252 cumin
849 2185 1087 2267 diplomatibus
1106 2186 1294 2269 expressum
1317 2203 1394 2278 nott,

445 2298 550 2379 esset,
568 2319 604 2368 ea
622 2300 712 2380 dari,
739 2315 777 2364 ut
796 2300 981 2367 Palatinum
997 2300 1166 2384 negotium
1184 2299 1385 2366 Monasterii
1487 2289 1488 2320 l

444 2427 502 2480 aut
521 2414 727 2499 Osnabrugae
743 2429 926 2496 tractetur,
951 2417 1046 2497 plane
1066 2412 1154 2496 quafi
1175 2415 1267 2479 illius
1286 2413 1385 2480 Priu-

444 2527 531 2609 cipis
556 2530 655 2614 legati
685 2547 725 2594 eo
758 2529 890 2594 venturi
919 2527 1025 2594 essent
1051 2542 1179 2593 tantum
1210 2541 1247 2593 ut
1272 2527 1386 2594 alienae
1488 2591 1489 2594 ,

335 2627 337 2632 ’
442 2640 562 2707 fabulae
590 2642 806 2724 spectatores.
861 2644 950 2709 Illud
976 2661 1112 2725 quoque
1138 2642 1387 2738 nuntomitten·
1488 2671 1489 2678 ¹

444 2753 523 2818 dum
548 2754 680 2836 censui,
705 2759 832 2822 Ducem
859 2758 1121 2822 Aurelianensem
1144 2770 1176 2820 et
1198 2755 1387 2839 Principem
1488 2819 1489 2830 2

360 2857 362 2862 '
444 2865 628 2938 Condacum
651 2869 789 2936 scribere
809 2872 871 2935 iam
887 2870 1037 2954 Principi
1052 2871 1203 2938 Palatino
1225 2885 1263 2937 ut
1287 2871 1388 2938 Elec-

441 2984 523 3049 tori.
592 2984 690 3050 Dixit
730 2985 810 3050 milri
849 2987 1004 3070 princeps
1042 2985 1212 3054 Condaeus
1242 2984 1386 3052 Galliam

443 3095 525 3161 serio
548 3097 794 3180 laboraturum,
819 3113 857 3167 ut
881 3115 913 3166 et
931 3100 1033 3187 Regis
1051 3100 1184 3185 Angliae
1209 3100 1385 3183 imperium

441 3209 633 3276 restituatur
664 3226 696 3276 ct
733 3229 771 3279 ut
804 3218 1004 3300 praevaleant
1042 3215 1212 3282 Puritauis
1243 3216 1383 3282 Protes-

439 3336 548 3388 tatrtes
568 3325 817 3393 moderatiores.
863 3328 1013 3416 Adiunxi
1032 3345 1118 3414 ego,
1136 3329 1245 3396 omnia
1260 3327 1385 3396 facien-

414 3475 417 3482 ·
439 3439 480 3505 da
500 3438 560 3504 iric
588 3457 649 3524 pro
670 3439 759 3524 Rege
775 3417 925 3526 Anglii),
950 3443 972 3510 li
992 3443 1020 3508 is
1046 3444 1139 3527 prius
1160 3443 1296 3528 Reginae
1315 3444 1383 3531 Re-

357 3599 360 3604 -
439 3537 637 3640 gentilidem
655 3552 743 3618 suam
767 3555 968 3643 obstringat,
987 3558 1039 3639 se,
1059 3556 1139 3638 trifi,
1157 3557 1191 3622 irr
1206 3558 1382 3641 colloquio

439 3668 501 3732 iam
522 3668 640 3735 futuro
666 3668 866 3738 Monasterii
891 3671 924 3738 e't
944 3671 1177 3759 osnabrugae,
1204 3672 1380 3738 restitutio

438 3779 592 3847 Palatinae
617 3785 736 3852 domus
763 3773 927 3856 inlocum
951 3787 1208 3873 dignitatemque
1237 3801 1382 3854 veterem

438 3894 583 3964 obtineri
604 3897 731 3984 possit,
755 3921 841 3968 arma
870 3921 946 3971 cum
972 3902 1093 3972 suedia
1121 3900 1297 3989 Galliaque
1327 3901 1381 3967 so·

1315 4033 1388 4082 cra·¹
