3030 5102
454 427 495 492 μ
588 407 1251 479 nuoortrsonorrr

405 625 407 640 ,
472 580 664 660 iiistorit,
685 557 782 662 quarn
803 549 989 663 impressam
1006 582 1123 661 mitto,
1145 582 1265 665 scripta
1284 601 1334 651 est
1353 599 1392 658 et

448 695 489 762 td
514 715 562 761 me
591 696 691 760 missa
712 715 730 758 a
754 693 847 774 filio,
873 696 930 776 qui
950 695 1037 778 apud
1062 695 1243 766 Bavnricns
1265 717 1389 783 captus

447 824 498 874 cst
522 811 556 876 in
579 809 785 892 Dutlingnna
808 809 921 889 clade,
947 824 979 873 tt
1005 809 1051 874 ibi
1075 810 1182 876 adhuc
1209 814 1387 882 retinetur.

447 925 574 990 Scribit
598 923 676 987 mihi
698 922 781 988 idem
808 921 922 1002 filius,
946 924 1044 1020 valde¹
1064 923 1288 992 consternatos
1316 931 1388 995 esse

445 1039 614 1115 navum,
636 1037 733 1103 credo
763 1038 805 1102 oh
823 1037 991 1104 incursum
1017 1052 1211 1104 nostrorum
1236 1037 1270 1106 iu
1287 1043 1387 1108 Hol-
1460 1031 1464 1039 ¹

448 1153 558 1217 sariam
591 1167 623 1214 et
658 1151 780 1215 vicina.
818 1153 1031 1242 imperator
1056 1151 1169 1218 Turta
1199 1174 1217 1223 a
1246 1156 1385 1224 Venetis

445 1268 573 1362 repetit¹
587 1267 746 1351 mancipia
768 1265 820 1330 bis
841 1269 950 1347 mitit,
970 1281 1042 1350 quae
1068 1267 1100 1330 in
1120 1269 1251 1334 Cretam
1267 1272 1308 1338 ie
1333 1288 1386 1338 re·

394 1429 398 1436 ·
445 1397 626 1465 ceperunt.¹
657 1381 782 1465 Regina
803 1381 931 1462 {tegens
959 1381 1012 1444 hic
1036 1380 1127 1445 iubet
1155 1385 1281 1467 inquiri
1306 1385 1383 1450 diii·

445 1513 558 1583 genter
579 1495 610 1560 in
630 1513 688 1559 eos
712 1495 770 1576 qui
789 1492 989 1565 frumentum
1007 1510 1241 1577 exportarunt.
1301 1499 1379 1566 Bar-

431 1612 556 1677 *barini
572 1614 693 1675 volunt
717 1607 867 1672 inarmis
889 1625 1035 1689 manere,
1060 1623 1118 1689 ut,
1139 1609 1195 1676 ubi
1217 1612 1271 1678 hic
1294 1613 1382 1696 Papa

448 1729 629 1804 morietur,
656 1723 756 1816 aliurn
781 1721 905 1786 faciunt
932 1719 996 1786 suae
1012 1721 1196 1810 vfactionis.
1241 1726 1281 1792 Id
1306 1730 1379 1810 poti

446 1843 619 1907 maximum
645 1853 695 1903 est
718 1837 1000 1920 impedimentum.
1045 1837 1203 1920 Princeps
1234 1841 1379 1907 Thomas

446 1955 572 2021 restitui
605 1955 681 2019 vult
710 1953 799 2018 Duci
835 1949 1006 2015 Sabaudiae
1043 1969 1080 2016 ea
1114 1973 1187 2034 quae
1217 1954 1311 2021 Galli
1346 1957 1379 2022 iu

448 2069 609 2137 Sabaudio
635 2084 667 2131 et
697 2082 807 2130 tractu
835 2064 1078 2130 Pedemontnno
1102 2081 1228 2136 tenent.
1288 2071 1379 2136 Gaili

448 2183 592 2248 offerunt
615 2180 644 2244 se
661 2195 793 2264 pontem
812 2179 920 2244 Sturae
939 2175 1125 2246 nudaturos
1144 2184 1376 2267 munimentis;

306 2311 339 2330 '¹
445 2295 504 2361 fibi
531 2293 667 2360 retinere
693 2295 812 2359 volunt
840 2295 1055 2375 Pinarolum,
1103 2297 1316 2364 Demontium
1345 2311 1378 2364 et

444 2409 671 2496 Segusronem,
702 2403 832 2474 reddere
864 2422 992 2473 cetera·
1061 2409 1175 2476 Rebus
1200 2413 1377 2482 Pictonum

445 2520 938 2609 compositioperremissronem
956 2541 1112 2604 onerum,
1130 2545 1203 2608 quoe
1223 2527 1269 2592 ibi
1287 2545 1378 2595 erant

406 2707 409 2717 ,
444 2640 623 2719 cohortes,
647 2653 726 2702 eunt
751 2639 784 2702 in
802 2637 1021 2703 Catalonium.
1068 2639 1148 2706 Dux
1165 2643 1311 2708 Carolus
1328 2646 1377 2708 di-

443 2753 490 2818 cit
513 2752 542 2816 se
568 2753 602 2815 in
632 2753 728 2814 armis
752 2753 867 2816 hahere
892 2753 956 2816 xit
985 2752 1105 2817 millie:
1153 2756 1293 2821 multum
1319 2777 1374 2839 pe·

443 2865 550 2956 tuniae
577 2865 779 2946 Humburgi‚
803 2866 975 2945 Veneriis,
998 2880 1031 2930 et
1057 2867 1148 2932 olibi.
1222 2869 1377 2936 Mombn·

441 2981 533 3048 sonia
562 2994 594 3044 et
621 2977 925 3045 Cnstthonovanus
957 2983 1099 3064 propius
1126 2983 1292 3048 Lutetiam
1324 3004 1378 3050 ac·

438 3096 549 3161 cedere
584 3094 757 3157 dicuntur.
826 3085 981 3162 Pnrturit'
1003 3099 1078 3162 nuit
1108 3095 1229 3179 ieptcm
1264 3119 1374 3168 nouos

441 3211 598 3274 duceret
627 3209 724 3273 Pares
755 3211 922 3289 Frontino,
962 3211 1014 3275 sed
1045 3213 1186 3293 opponit
1212 3213 1241 3277 fc
1266 3215 1376 3280 Parin·

433 3339 582 3388 mentum
614 3339 653 3387 ne
688 3327 796 3389 honos
827 3321 1039 3390 multitudiue
1074 3326 1224 3416 vilescat.
1254 3377 1259 3384 .
1295 3331 1375 3395 Dux

439 3436 679 3504 Aurelianensis
701 3453 732 3501 et
752 3439 939 3505 Cardinalis
956 3440 1154 3506 Macerinus
1169 3451 1273 3506 novat
1293 3440 1373 3508 scri·

437 3553 521 3618 bunt
547 3551 718 3618 cohortes.
1043 3539 1046 3547 '
