3014 5098
359 363 360 366 ‘
434 397 474 474 u
569 377 1234 457 nuooursononn

426 564 516 640 huc,
566 570 597 620 et
637 554 708 638 spes
741 553 851 635 aliqua
887 550 954 616 csse
990 553 1061 618 eius
1097 553 1274 630 liberandae
1306 573 1373 644 per

391 725 392 728 ,
427 673 606 744 exercitum
621 667 686 734 XV
703 667 862 746 millium,
888 666 945 749 qui
960 655 1020 730 'est
1040 666 1099 732 sub
1124 667 1238 738 Motta
1257 675 1371 742 Odin.

428 790 556 856 curtio.
624 783 679 850 Ad
704 781 949 873 Hohentwila‘rn
976 778 1104 849 obsides
1132 787 1288 870 utrinque
1313 792 1368 858 di.

426 917 552 972 cuntur
579 897 719 986 redditi3
754 895 865 962 exitus
889 893 963 960 inde
978 895 1135 962 'difficiles
1160 897 1253 982 fierit
1280 903 1370 970 ·Ba.
1482 916 1483 964 ὲ

424 1019 561 1088 varicus
591 1012 761 1095 peditatus
788 1009 939 1076 imminui
969 1009 1051 1077 farne
1082 1025 1114 1078 et
1149 1015 1364 1102 transfugiis.

426 1135 464 1198 ln
483 1129 579 1198 Italis
596 1127 686 1194 Galli
709 1125 869 1194 dicuntur
891 1124 1031 1208 spinum
1048 1145 1263 1212 oppugnare:
1288 1150 1366 1201 cunr

425 1247 560 1326 iocum,
595 1243 687 1326 quod
720 1255 867 1308 tutamen
892 1238 931 1306 srt
951 1240 1097 1321 Finaiis,
1120 1260 1256 1310 auctum
1279 1267 1365 1328 prae.

424 1359 508 1428 {idio
541 1357 628 1424 mille
659 1356 830 1426 hominum
863 1354 901 1420 ab
932 1354 1116 1438 Hispanis3
1167 1357 1364 1428 Seravallenr

327 1502 328 1505 ¹
421 1491 503 1540 vero
538 1471 625 1537 mille
657 1469 830 1536 Germanis
863 1482 896 1534 et
930 1459 1120 1554 quingentis
1151 1475 1364 1557 cunrmulto
1398 1557 1402 1563 Ι

421 1589 519 1652 victu
543 1602 574 1649 et
605 1583 683 1648 belli
713 1598 845 1667 paratu.
917 1583 1077 1666 Princeps
1104 1584 1252 1652 Thomas
1277 1587 1362 1658 nihil

421 1701 556 1766 videtur
586 1699 650 1764 hoc
686 1716 772 1762 anno
804 1694 956 1762 facturus
995 1698 1125 1783 magni,
1169 1719 1359 1785 quanquam

419 1828 527 1882 mnnet
560 1813 666 1880 adhuc
697 1829 834 1892 rumor,
877 1809 1016 1876 obsideri
1049 1813 1088 1876 ab
1118 1833 1158 1878 eo
1179 1816 1357 1886 ΙΛιοηειιιι.

420 1929 568 1998 Helvetii
600 1929 634 2018 in
658 1927 814 1996 omnibus
842 1924 894 1991 his
930 1926 1028 1992 rebus
1061 1926 1139 1994 satis
1170 1930 1201 1994 se
1232 1931 1357 1996 medios

372 2121 377 2132 .
420 2057 553 2131 gerunt.
601 2042 755 2109 Caesareae
774 2039 1034 2120 Mauritanicae‚
1060 2062 1132 2123 quae
1154 2045 1289 2131 Algeria
1311 2046 1361 2112 di.

368 2201 371 2208 .
421 2159 533 2237 citur,
559 2156 881 2250 praedones2naves
908 2155 1036 2237 aliquot
1065 2157 1212 2239 eripuere
1237 2159 1361 2253 Hispa-

312 2333 314 2340 ,
418 2271 486 2338 nis.
519 2269 688 2338 Elbovius
712 2291 787 2335 curn
811 2268 876 2332 levi
899 2286 995 2332 manu
1023 2271 1112 2352 apud
1129 2272 1264 2338 Guisanr
1292 2290 1358 2344 est.
1391 2273 1398 2286 '

362 2433 371 2446 «
418 2385 606 2458 Granceius
628 2382 812 2466 praeficitur
838 2379 1060 2468 Gravelingae.
1130 2385 1220 2451 Inter
1247 2385 1359 2454 Mille-

372 2493 376 2502 ’
416 2503 521 2570 rainm
553 2514 585 2566 et
616 2495 809 2567 Gassronetn
841 2497 1020 2570 simultates
1052 2499 1150 2580 sunt,
1191 2498 1249 2566 nisr
1277 2500 1358 2581 quid

416 2611 573 2697 amplius.
620 2613 705 2694 Lis,
736 2623 809 2694 qu'ae
842 2610 950 2678 fuerat
981 2612 1067 2680 inter
1106 2615 1233 2680 Ducem
1268 2633 1357 2680 nunc

415 2730 638 2796 Mantuanum
667 2739 699 2792 et
727 2726 813 2790 inter
838 2726 945 2792 Ducis
967 2727 1038 2790 eius
1067 2729 1124 2808 qui
1153 2727 1220 2792 fuit
1249 2727 1357 2809 filias,

414 2844 465 2916 ita
494 2839 628 2908 definita
659 2852 730 2919 est,
755 2853 793 2904 ut
825 2840 905 2906 Dux
933 2855 1036 2904 terras
1072 2839 1105 2906 in
1140 2839 1250 2920 Gallia
1281 2841 1358 2908 sitas

414 2955 630 3022 Nivernensrs
663 2953 879 3022 successionis
912 2954 1048 3036 habeat,
1073 2955 1220 3040 virgines
1249 2971 1357 3020 autern

413 3070 485 3140 duae
526 3070 652 3136 reditus
690 3088 730 3136 ex
761 3067 803 3136 iis
841 3069 938 3136 terris
971 3070 1010 3136 ad
1045 3070 1147 3136 libras
1178 3068 1355 3134 Francicus

412 3186 578 3270 sexaginta
608 3185 711 3252 mille.
785 3184 1024 3250 Procuratores
1049 3183 1248 3250 Parlumcnti
1271 3203 1354 3248 erna-

411 3311 490 3364 nent
524 3317 541 3363 e
575 3298 667 3364 curia
701 3297 776 3362 ideo
811 3301 901 3382 quod
941 3299 1106 3364 tributum
1140 3315 1275 3380 novum·
1304 3301 1352 3360 eis

411 3411 611 3494 imponitur.
659 3410 745 3476 Sunt
772 3427 804 3476 et
830 3427 981 3480 motuunr
1009 3412 1126 3476 semina
1154 3410 1187 3474 in
1215 3409 1353 3491 Deiphi-

320 3573 322 3578 -
411 3543 493 3594 natu
516 3539 549 3591 et
574 3524 614 3590 ad
639 3524 866 3612 Burdegalam.
922 3527 1002 3592 Dux
1029 3526 1298 3611 Longovilianus
1324 3525 1352 3590 it

401 3642 444 3707 ¹in
467 3640 719 3710 Normannianr.
796 3641 851 3710 Ad
881 3638 1007 3708 Iiucetn
1034 3641 1246 3725 Arrguianunr
1274 3635 1351 3718 urit·

410 3769 530 3824 tuntut
555 3777 672 3826 novem
704 3757 859 3822 cohortes
887 3775 1006 3838 novae,
1030 3771 1062 3821 et
1089 3775 1154 3822 una
1173 3769 1270 3818 vetus
1287 3754 1350 3820 ΛΙ-

409 3868 517 3940 breti:
587 3887 732 3956 quatuor
764 3884 874 3938 autern
911 3871 1012 3940 millia
1040 3873 1081 3939 ad
1106 3869 1349 3976 custociienriot

1109 3977 1112 3982 ’
1281 3982 1349 4046 Le·
