3014 5098
421 399 474 518 aa*
561 397 1219 522 nuoo‘nrsonorrr

418 571 638 694 probratione'
672 571 849 684 proterniae
875 611 908 662 et
944 596 1041 661 alieni
1076 618 1094 662 a
1126 616 1206 678 pace
1239 601 1353 670 animi.

417 723 506 790 Idem
540 716 660 784 sensere
690 710 911 798 Burgundici.
958 709 1186 778 Modestinres
1217 715 1297 794 alii,
1329 716 1355 784 fi

418 835 498 919 qnid
515 833 699 914 Imperator
722 845 784 910 pro
808 825 839 891 se
864 838 921 890 aut
946 824 1045 890 domo
1069 823 1126 890 sna
1152 828 1356 918 querendum

415 951 571 1026 haberet,
614 962 682 1009 non
719 939 793 1006 esse
833 937 1086 1022 impediendum.
1164 939 1352 1026 Caeterum,

416 1061 588 1145 Principes
621 1071 655 1122 et
681 1053 825 1122 Ordines
849 1051 981 1138 Imperii
1006 1054 1055 1120 ita
1084 1051 1211 1118 fractos
1242 1056 1353 1138 bello,

418 1176 590 1242 ut'nullas
619 1169 679 1237 nist
707 1167 746 1236 de
769 1186 849 1252 pace
882 1145 1107 1250 promovenda
1129 1167 1352 1251 cogitationes

418 1289 582 1373 suscipere
615 1283 757 1373 poslint.
818 1281 960 1368 Quidam
998 1281 1093 1349 etiam
1133 1299 1352 1368 proponunt,

415 1421 485 1469 non
510 1403 568 1480 abs
601 1420 634 1466 re
656 1398 751 1477 fore,
779 1397 945 1477 ficorpus
969 1395 1120 1464 ordinum
1140 1397 1352 1476 permittatur

306 1561 312 1574 -
415 1520 446 1586 fe
479 1505 614 1583 miscere
651 1512 743 1594 pacis
781 1509 917 1595 negotio
953 1508 996 1573 iis
1032 1508 1066 1572 in
1105 1509 1190 1574 locis
1228 1510 1285 1576 ubi
1317 1509 1355 1577 id

415 1644 592 1700 tractatur.
639 1625 703 1691 Sed
721 1642 762 1688 an
786 1623 821 1688 hi
839 1639 975 1688 nurnero
1001 1619 1184 1704 superaturi
1207 1621 1270 1688 fint
1288 1642 1353 1692 cae·

380 1813 381 1819 a
418 1763 508 1813 aeros
533 1721 720 1808 dubitatur.
755 1738 834 1802 nux
853 1737 1089 1821 Neoburgicus
1117 1737 1242 1803 aretur
1266 1740 1353 1806 mut-

416 1876 487 1927 tum
510 1857 652 1925 excitare
680 1850 834 1918 civitates
873 1865 910 1917 ut
945 1851 998 1916 ius
1033 1850 1125 1918 suurn
1159 1849 1348 1920 defendant.

414 1973 524 2042 Venio
558 1971 599 2038 ad
624 1985 674 2035 res
701 1964 886 2051 Angticas,
914 1965 1026 2032 malas¹
1048 1964 1121 2032 sane
1152 1965 1248 2050 Regi.
1294 1966 1351 2032 In-

392 2085 491 2180 'gens
514 2087 601 2152 enim
624 2095 760 2162 accepta
787 2094 838 2144 est
866 2078 999 2159 clades,
1032 2095 1064 2144 et
1092 2079 1251 2164 Princeps
1278 2080 1349 2146 Ro.

414 2207 556 2283 bertus,
573 2194 852 2288 aNovicastellio
869 2203 902 2258 et
921 2195 995 2262 aliis
1013 2194 1071 2294 qui
1094 2195 1351 2262 mariHambur·
1395 2198 1397 2206 ’

326 2361 328 2366 ,
412 2339 489 2406 gunt
513 2314 542 2379 se
567 2328 734 2392 recepere,
769 2327 843 2374 reus
873 2305 911 2374 iit
938 2308 1149 2378 confiliotutn
1177 2311 1349 2380 audacium

411 2431 515 2516 magis
549 2445 644 2511 quam
678 2421 910 2504 providorum.
993 2422 1077 2489 Post
1108 2426 1191 2492 hano
1224 2427 1347 2494 cladem

410 2548 599 2614 Eboracum
617 2517 765 2604 deditum
777 2537 1054 2604 Parlamentariis.
1111 2539 1297 2609 Oswestria
1314 2555 1348 2605 et

413 2641 602 2738 Sheropsrra
623 2668 746 2719 exenta
766 2650 948 2735 Regiorum
972 2651 1118 2720 obsrdiot
1144 2654 1183 2720 ab
1208 2654 1348 2722 Eslexio

372 2757 382 2797 '¹
412 2787 546 2856 captum
570 2766 730 2849 oppidum
749 2747 976 2832 Taumtonum
996 2781 1028 2832 et
1047 2767 1159 2838 vicina
1185 2767 1346 2858 quaedamr

410 2889 440 2956 Α
464 2883 579 2949 Bruno
603 2879 817 2946 Londiniensr
844 2879 1061 2946 Greenlnndia
1084 2881 1124 2948 ad
1150 2859 1346 2952 Thamesrtn.

409 3001 568 3081 Princeps
602 2995 774 3061 Robertus
805 2993 932 3060 dicitur
964 2993 1119 3062 incendio
1151 2997 1275 3063 arcium
1314 2971 1349 3061 ie

410 3113 533 3184 ulcisci
549 3112 583 3176 in
600 3108 745 3190 vallibus
758 3108 966 3176 Coverdaliae
977 3155 989 3190 ‚
1002 3111 1200 3176 Wensdaliae
1211 3157 1221 3190 ‚
1232 3111 1348 3176 Swen·

409 3228 517 3296 daliae.
585 3223 834 3290 Neucastellius
866 3244 885 3289 a
918 3221 1056 3291 confilio
1088 3224 1222 3290 militari
1254 3224 1344 3309 regio

411 3343 583 3408 damnatus
605 3337 796 3402 desertionis
815 3336 963 3403 crimine.
1009 3338 1251 3406 Parlamentarii
1268 3360 1345 3414 cum

410 3454 569 3524 Hibernis
594 3452 714 3516 bellum
738 3452 784 3516 ita
806 3463 923 3533 gerunt
947 3451 1146 3533 crudeliter,
1171 3469 1208 3520 ut
1227 3453 1350 3552 nemini,

410 3573 512 3637 vitam
532 3564 722 3664 indulgeant
742 3578 853 3647 capto.
901 3561 1028 3648 Regina
1052 3567 1214 3656 Angliae,
1231 3583 1345 3653 recens

409 3679 654 3764 apuerperi0,
695 3699 777 3765 aegra
812 3695 978 3760 corpore,
1021 3680 1161 3772 humero·
1186 3679 1345 3761 fidenate,

409 3796 441 3862 in
464 3794 677 3864 Brittanniam
687 3792 888 3859 Armoricatn
906 3791 993 3874 apud
1012 3792 1164 3862 Bresttrm
1186 3794 1339 3878 adpulit3

410 3907 532 3998 petivit
553 3908 629 3976 hinc
654 3908 824 3990 medicos,
848 3919 881 3972 et
906 3904 1037 3974 videtur
1051 3907 1148 3978 ‘itura
1172 3908 1213 3976 ad
1237 3924 1341 3999 aquas

1259 4022 1343 4088 lior·
