3014 5098
241 431 244 438 ·
300 423 597 512 aursroars
641 423 915 498 rnaur'rn.
1030 449 1074 516 ῃ

135 597 310 667 amicitiam
331 593 548 674 labefactare,
579 582 642 660 hos
673 610 780 663 autem
813 600 928 666 hostes
961 597 1067 667 faeere

62 759 66 768 .
133 717 243 797 Papae.
289 713 442 786 Attamen
466 729 506 774 err
525 708 620 774 Italia
642 707 820 806 scribitur,
845 731 913 778 non
937 727 1068 806 tantum

134 829 196 894 tria
218 827 321 892 millia
346 824 486 890 militurn
520 841 538 886 a
566 822 653 905 Papa
682 840 822 890 ventura
848 825 1066 908 Imperatori,

132 940 187 1006 sed
221 942 284 1006 alia
317 953 472 1020 praeterea
501 936 609 1002 decem
643 937 744 1002 millia
777 938 816 1004 ab
849 939 923 1004 aliis
961 940 1066 1007 ltaliae

131 1054 365 1138 Principibus,
389 1051 552 1120 excitante
572 1069 656 1131 eos,
681 1064 719 1116 ut
734 1050 890 1116 credibile
905 1029 980 1134 est,
1001 1054 1065 1119 Pa·

130 1187 187 1254 pa.
253 1165 366 1232 Didici
393 1167 488 1230 etiam
514 1183 553 1228 ex
575 1165 620 1230 D.
641 1164 830 1246 Bryennio,
862 1155 1072 1251 Residentem,

130 1293 293 1364 perpetuo
316 1279 456 1360 aliquem
479 1295 518 1340 ex
544 1276 654 1343 Gallia
679 1276 767 1361 apud
795 1277 952 1364 Reginam
986 1298 1069 1344 nos·
1127 1317 1130 1324 ι

132 1409 215 1460 tram
239 1389 418 1456 futurumt-
439 1390 544 1456 videri
571 1406 677 1456 autem
706 1391 850 1474 primum
876 1391 972 1457 adid
994 1411 1066 1456 mu·

130 1505 425 1590 muslexercendum
445 1503 517 1568 fore
535 1503 693 1569 Batonem
710 1503 899 1572 Rorteium.
946 1505 991 1571 D.
1003 1506 1067 1572 Ce-

130 1619 267 1686 risantes
291 1619 414 1684 aditum
439 1617 628 1698 postulavit
650 1616 689 1681 ad
708 1617 865 1702 Reginam
886 1617 1065 1704 Regentem

131 1747 165 1798 et
192 1731 349 1818 Reginam
365 1730 509 1815 Angliae.
556 1727 760 1812 Responsum
783 1731 812 1794 ei
831 1707 905 1810 e'st,
928 1729 1065 1797 missum

71 1881 74 1886 ·
132 1828 205 1914 eum
233 1846 273 1910 ad
298 1865 348 1934 res
374 1845 542 1924 Danicas,
579 1845 687 1908 nullas
714 1844 798 1910 visas
828 1845 964 1925 literas,
1002 1844 1063 1928 qui

128 1963 160 2028 ei
173 1959 355 2028 Resideutis
374 1976 494 2023 munaus
513 1958 740 2039 imponerent,
772 1937 888 2038 quodsi
909 1957 941 2022 id
958 1958 1063 2040 esset,

129 2087 237 2138 tamen
270 2090 336 2146 uon
368 2071 440 2136 eius
473 2070 539 2136 esse
573 2082 687 2154 agere,
714 2089 786 2152 quae
814 2071 942 2156 legatus
968 2091 1066 2157 agere

129 2185 223 2254 velit.
300 2186 528 2250 Crucenacum
558 2183 703 2248 deditum
735 2197 787 2248 est
815 2182 923 2250 Gallis
948 2185 1062 2252 XXVI

128 2297 366 2370 Decembris*
405 2299 486 2363 Non
517 2297 598 2362 fecit
628 2317 690 2382 pro
722 2317 758 2362 ea
797 2316 871 2364 arce
906 2297 1062 2366 servanda

129 2434 203 2497 quae
226 2411 339 2494 potuit
368 2412 447 2477 Dux
471 2411 720 2494 Lotharingus,
746 2413 802 2490 qui
819 2414 989 2494 equitatus
1011 2413 1063 2478 sui

127 2543 252 2612 partem
277 2524 375 2588 ferme
397 2526 528 2590 alteram
553 2521 687 2588 misrtin
707 2523 904 2591 Flandriaro.
951 2524 1065 2602 Glenii
1137 2519 1140 2525 ’

127 2641 234 2723 copiae
251 2653 365 2704 tenues
386 2637 576 2712 scribuntur
593 2637 661 2702 esle
681 2638 766 2705 inter
784 2639 1001 2707 Confluentes
1028 2652 1062 2704 et

125 2753 372 2831 Aldernacurn,
397 2751 449 2816 sed
467 2752 541 2816 inde
558 2752 719 2820 dicuntur
736 2753 780 2818 ire
799 2753 833 2818 in
851 2754 1062 2820 luliacealem
1109 2761 1111 2768 ’

125 2887 260 2952 agrurn:
309 2867 460 2933 baturici
491 2866 526 2931 in
552 2867 736 2933 Franconia
762 2867 919 2949 maxime,
939 2869 1061 2953 partim

128 2981 169 3046 ad
191 2982 319 3046 Hallanr
338 2981 510 3046 Suevicatn
526 2993 558 3064 et
575 2983 775 3067 Augustam.
828 2982 1061 3046 Francothalia

12 3105 13 3108 ’
124 3092 175 3159 ita
200 3093 344 3174 undique
375 3094 516 3160 aGallis
543 3096 723 3176 premitur,
747 3111 786 3160 ut
812 3076 940 3162 tandem
959 3095 991 3160 iu
1011 3096 1062 3180 ip-

124 3205 235 3271 sorum
259 3225 374 3272 manus
403 3222 543 3273 ventura
568 3197 734 3274 credatur.
778 3209 859 3274 Pars
886 3208 1062 3276 Gallorum

123 3321 271 3402 hyberna
300 3321 395 3386 habet
426 3321 515 3404 apud
544 3313 792 3388 Tro‘sbacbium
821 3334 853 3384 et
878 3320 1059 3388 Bernocas·

123 3437 253 3500 tellum.
319 3418 507 3515 Audimus,
533 3435 727 3518 Imperatori
752 3434 848 3500 etiarn
874 3436 1062 3503 concessam

125 3548 299 3631 pecuniam
323 3548 544 3629 aliquantam,
568 3569 608 3614 ex
622 3549 790 3615 fructibus
809 3550 975 3614 bonorum
992 3552 1061 3616 Ec·

124 3660 405 3740 clesrasticorum,
438 3663 472 3726 in
501 3683 602 3748 regno
634 3665 871 3747 Neapolitano.
939 3663 1062 3732 Gallos

123 3776 309 3856 „quosdam,
342 3775 375 3840 in
399 3773 554 3857 hybernis
578 3776 687 3841 minus
712 3775 865 3848 taurese
890 3790 1056 3864 tenentes,

125 3885 271 3973 Hispani
294 3890 374 3960 male
401 3890 563 3977 habuere,
588 3905 658 3959 tum
681 3890 716 3958 iu
740 3890 910 3959 Catalania
930 3907 999 3960 turn
1024 3895 1062 3958 in

996 4005 1062 4070 lta·
