<?xml version="1.0" encoding="UTF-8"?>
<!DOCTYPE html PUBLIC "-//W3C//DTD XHTML 1.0 Transitional//EN"
    "http://www.w3.org/TR/xhtml1/DTD/xhtml1-transitional.dtd">
<html xmlns="http://www.w3.org/1999/xhtml" xml:lang="en" lang="en">
 <head>
  <title>
</title>
<meta http-equiv="Content-Type" content="text/html;charset=utf-8" />
  <meta name='ocr-system' content='tesseract 3.04.00' />
  <meta name='ocr-capabilities' content='ocr_page ocr_carea ocr_par ocr_line ocrx_word'/>
</head>
<body>
  <div class='ocr_page' id='page_1' title='image "./hugonisgrotiiad01oxengoog_0092.png"; bbox 0 0 3014 5098; ppageno 0'>
   <div class='ocr_carea' id='block_1_1' title="bbox 271 353 1154 502">
    <p class='ocr_par' dir='ltr' id='par_1_1' title="bbox 271 353 1154 502">
     <span class='ocr_line' id='line_1_1' title="bbox 271 353 1154 502; baseline 0.003 -22"><span class='ocrx_word' id='word_1_1' title='bbox 271 406 918 483; x_wconf 64' lang='lat' dir='ltr'>rurlsrournltlnolrm·</span> <span class='ocrx_word' id='word_1_2' title='bbox 1029 431 1073 502; x_wconf 70' lang='lat'>73</span> <span class='ocrx_word' id='word_1_3' title='bbox 1152 353 1154 358; x_wconf 16' lang='grc' dir='ltr'><strong><em>Δ</em></strong></span> 
     </span>
    </p>
   </div>
   <div class='ocr_carea' id='block_1_2' title="bbox 69 580 1154 2728">
    <p class='ocr_par' dir='ltr' id='par_1_2' title="bbox 69 580 1154 2728">
     <span class='ocr_line' id='line_1_2' title="bbox 145 580 1077 667; baseline 0.004 -19"><span class='ocrx_word' id='word_1_4' title='bbox 145 595 303 667; x_wconf 64' lang='lat' dir='ltr'>egerunt4</span> <span class='ocrx_word' id='word_1_5' title='bbox 327 581 516 655; x_wconf 85' lang='lat' dir='ltr'>Marescalli</span> <span class='ocrx_word' id='word_1_6' title='bbox 534 580 747 664; x_wconf 88' lang='lat' dir='ltr'>Odlncurtii,</span> <span class='ocrx_word' id='word_1_7' title='bbox 765 581 984 654; x_wconf 82' lang='lat' dir='ltr'>inBaatiliatn</span> <span class='ocrx_word' id='word_1_8' title='bbox 999 585 1077 660; x_wconf 80' lang='lat' dir='ltr'>sunt</span> 
     </span>
     <span class='ocr_line' id='line_1_3' title="bbox 146 695 1077 782; baseline 0.012 -22"><span class='ocrx_word' id='word_1_9' title='bbox 146 696 310 776; x_wconf 85' lang='lat' dir='ltr'>coniecti,</span> <span class='ocrx_word' id='word_1_10' title='bbox 334 711 373 762; x_wconf 90' lang='lat' dir='ltr'>ut</span> <span class='ocrx_word' id='word_1_11' title='bbox 396 710 518 764; x_wconf 83' lang='lat' dir='ltr'>cuncta</span> <span class='ocrx_word' id='word_1_12' title='bbox 541 695 612 762; x_wconf 86' lang='lat' dir='ltr'>eius</span> <span class='ocrx_word' id='word_1_13' title='bbox 630 714 748 764; x_wconf 83' lang='lat' dir='ltr'>arcana</span> <span class='ocrx_word' id='word_1_14' title='bbox 771 709 966 782; x_wconf 73' lang='lat' dir='ltr'>noscantur.</span> <span class='ocrx_word' id='word_1_15' title='bbox 1011 703 1077 771; x_wconf 84' lang='lat' dir='ltr'>Est</span> 
     </span>
     <span class='ocr_line' id='line_1_4' title="bbox 69 805 1077 896; baseline 0.004 -20"><span class='ocrx_word' id='word_1_16' title='bbox 69 805 70 808; x_wconf 66' lang='grc'>’</span> <span class='ocrx_word' id='word_1_17' title='bbox 145 811 200 876; x_wconf 87' lang='lat' dir='ltr'>hic</span> <span class='ocrx_word' id='word_1_18' title='bbox 222 827 311 876; x_wconf 90' lang='lat' dir='ltr'>nunc</span> <span class='ocrx_word' id='word_1_19' title='bbox 328 809 487 891; x_wconf 77' lang='lat' dir='ltr'>synodus</span> <span class='ocrx_word' id='word_1_20' title='bbox 508 805 797 891; x_wconf 85' lang='lat' dir='ltr'>Reformatoruut,</span> <span class='ocrx_word' id='word_1_21' title='bbox 824 832 966 892; x_wconf 86' lang='lat' dir='ltr'>quorum</span> <span class='ocrx_word' id='word_1_22' title='bbox 990 813 1077 896; x_wconf 56' lang='lat' dir='ltr'>deleq</span> 
     </span>
     <span class='ocr_line' id='line_1_5' title="bbox 145 923 1077 1012; baseline 0.006 -22"><span class='ocrx_word' id='word_1_23' title='bbox 145 939 242 1008; x_wconf 77' lang='lat' dir='ltr'>gatos</span> <span class='ocrx_word' id='word_1_24' title='bbox 269 924 349 990; x_wconf 83' lang='lat' dir='ltr'>mira</span> <span class='ocrx_word' id='word_1_25' title='bbox 375 923 529 988; x_wconf 82' lang='lat' dir='ltr'>comitate</span> <span class='ocrx_word' id='word_1_26' title='bbox 560 924 690 1006; x_wconf 84' lang='lat' dir='ltr'>excepit</span> <span class='ocrx_word' id='word_1_27' title='bbox 720 925 906 991; x_wconf 85' lang='lat' dir='ltr'>Cardinolis</span> <span class='ocrx_word' id='word_1_28' title='bbox 932 927 1077 1012; x_wconf 58' lang='lat' dir='ltr'>Muzarif</span> 
     </span>
     <span class='ocr_line' id='line_1_6' title="bbox 146 1035 1101 1124; baseline 0.005 -20"><span class='ocrx_word' id='word_1_29' title='bbox 146 1055 224 1104; x_wconf 85' lang='lat' dir='ltr'>uus.</span> <span class='ocrx_word' id='word_1_30' title='bbox 270 1037 350 1116; x_wconf 81' lang='lat' dir='ltr'>Dux</span> <span class='ocrx_word' id='word_1_31' title='bbox 363 1035 592 1120; x_wconf 83' lang='lat' dir='ltr'>Lotlraringus</span> <span class='ocrx_word' id='word_1_32' title='bbox 612 1052 645 1102; x_wconf 89' lang='lat' dir='ltr'>et</span> <span class='ocrx_word' id='word_1_33' title='bbox 660 1038 850 1106; x_wconf 85' lang='lat' dir='ltr'>Santecroio</span> <span class='ocrx_word' id='word_1_34' title='bbox 873 1039 974 1124; x_wconf 78' lang='lat' dir='ltr'>ipiiue</span> <span class='ocrx_word' id='word_1_35' title='bbox 992 1042 1076 1108; x_wconf 76' lang='lat' dir='ltr'>Bru·</span> <span class='ocrx_word' id='word_1_36' title='bbox 1099 1071 1101 1082; x_wconf 59' lang='lat'><strong>¹</strong></span> 
     </span>
     <span class='ocr_line' id='line_1_7' title="bbox 145 1152 1078 1240; baseline 0.002 -20"><span class='ocrx_word' id='word_1_37' title='bbox 145 1154 238 1220; x_wconf 78' lang='lat' dir='ltr'>xellae</span> <span class='ocrx_word' id='word_1_38' title='bbox 267 1169 383 1237; x_wconf 84' lang='lat' dir='ltr'>magno</span> <span class='ocrx_word' id='word_1_39' title='bbox 407 1171 482 1222; x_wconf 88' lang='lat' dir='ltr'>cum</span> <span class='ocrx_word' id='word_1_40' title='bbox 507 1152 634 1218; x_wconf 89' lang='lat' dir='ltr'>honore</span> <span class='ocrx_word' id='word_1_41' title='bbox 658 1153 786 1236; x_wconf 82' lang='lat' dir='ltr'>excepti</span> <span class='ocrx_word' id='word_1_42' title='bbox 808 1152 906 1220; x_wconf 71' lang='lat' dir='ltr'>suun·</span> <span class='ocrx_word' id='word_1_43' title='bbox 941 1155 1078 1240; x_wconf 78' lang='lat' dir='ltr'>Dicitur</span> 
     </span>
     <span class='ocr_line' id='line_1_8' title="bbox 146 1265 1077 1352; baseline 0.006 -20"><span class='ocrx_word' id='word_1_44' title='bbox 146 1285 232 1332; x_wconf 86' lang='lat' dir='ltr'>anno</span> <span class='ocrx_word' id='word_1_45' title='bbox 261 1267 327 1330; x_wconf 83' lang='lat' dir='ltr'>hoc</span> <span class='ocrx_word' id='word_1_46' title='bbox 360 1265 563 1332; x_wconf 88' lang='lat' dir='ltr'>militaturus</span> <span class='ocrx_word' id='word_1_47' title='bbox 588 1266 742 1347; x_wconf 86' lang='lat' dir='ltr'>Hispano</span> <span class='ocrx_word' id='word_1_48' title='bbox 773 1265 975 1352; x_wconf 71' lang='lat' dir='ltr'>in&#39;ilelgicis</span> <span class='ocrx_word' id='word_1_49' title='bbox 1001 1291 1077 1351; x_wconf 79' lang='lat' dir='ltr'>par-</span> 
     </span>
     <span class='ocr_line' id='line_1_9' title="bbox 146 1377 1079 1461; baseline 0.008 -17"><span class='ocrx_word' id='word_1_50' title='bbox 146 1382 260 1459; x_wconf 79' lang='lat' dir='ltr'>tibus,</span> <span class='ocrx_word' id='word_1_51' title='bbox 299 1377 500 1458; x_wconf 84' lang='lat' dir='ltr'>militemque</span> <span class='ocrx_word' id='word_1_52' title='bbox 537 1379 596 1444; x_wconf 88' lang='lat' dir='ltr'>hac</span> <span class='ocrx_word' id='word_1_53' title='bbox 636 1379 749 1461; x_wconf 85' lang='lat' dir='ltr'>hyeme</span> <span class='ocrx_word' id='word_1_54' title='bbox 781 1383 1009 1448; x_wconf 72' lang='lat' dir='ltr'>collocaturus</span> <span class='ocrx_word' id='word_1_55' title='bbox 1042 1385 1079 1452; x_wconf 87' lang='lat' dir='ltr'>in</span> 
     </span>
     <span class='ocr_line' id='line_1_10' title="bbox 75 1474 1074 1580; baseline 0.005 -23"><span class='ocrx_word' id='word_1_56' title='bbox 75 1489 77 1498; x_wconf 86' lang='lat'>&#39;</span> <span class='ocrx_word' id='word_1_57' title='bbox 145 1489 456 1576; x_wconf 72' lang='lat' dir='ltr'>Lurzemourgic03</span> <span class='ocrx_word' id='word_1_58' title='bbox 483 1474 671 1560; x_wconf 57' lang='lat' dir='ltr'>¹Iuliao&#39;enfi</span> <span class='ocrx_word' id='word_1_59' title='bbox 709 1509 743 1560; x_wconf 90' lang='lat' dir='ltr'>et</span> <span class='ocrx_word' id='word_1_60' title='bbox 779 1494 937 1568; x_wconf 82' lang='lat' dir='ltr'>Cliuienfi</span> <span class='ocrx_word' id='word_1_61' title='bbox 977 1515 1074 1580; x_wconf 82' lang='lat' dir='ltr'>agro.</span> 
     </span>
     <span class='ocr_line' id='line_1_11' title="bbox 144 1604 1076 1690; baseline -0.001 -17"><span class='ocrx_word' id='word_1_62' title='bbox 144 1608 285 1674; x_wconf 86' lang='lat' dir='ltr'>Elector</span> <span class='ocrx_word' id='word_1_63' title='bbox 300 1604 467 1670; x_wconf 86' lang='lat' dir='ltr'>Palatinus</span> <span class='ocrx_word' id='word_1_64' title='bbox 492 1604 586 1670; x_wconf 87' lang='lat' dir='ltr'>valde</span> <span class='ocrx_word' id='word_1_65' title='bbox 605 1607 636 1670; x_wconf 86' lang='lat' dir='ltr'>se</span> <span class='ocrx_word' id='word_1_66' title='bbox 657 1609 853 1690; x_wconf 82' lang='lat' dir='ltr'>popularem</span> <span class='ocrx_word' id='word_1_67' title='bbox 879 1606 960 1690; x_wconf 75' lang='lat' dir='ltr'>facit</span> <span class='ocrx_word' id='word_1_68' title='bbox 982 1609 1076 1676; x_wconf 57' lang='lat' dir='ltr'>Lon,</span> 
     </span>
     <span class='ocr_line' id='line_1_12' title="bbox 147 1717 1076 1808; baseline 0.004 -24"><span class='ocrx_word' id='word_1_69' title='bbox 147 1719 236 1799; x_wconf 83' lang='lat' dir='ltr'>dini,</span> <span class='ocrx_word' id='word_1_70' title='bbox 260 1717 457 1801; x_wconf 79' lang='lat' dir='ltr'>nescioquo</span> <span class='ocrx_word' id='word_1_71' title='bbox 475 1717 541 1803; x_wconf 88' lang='lat' dir='ltr'>spe.</span> <span class='ocrx_word' id='word_1_72' title='bbox 588 1719 710 1802; x_wconf 84' lang='lat' dir='ltr'>Stella,</span> <span class='ocrx_word' id='word_1_73' title='bbox 735 1717 898 1805; x_wconf 87' lang='lat' dir='ltr'>qui&#39;nunc</span> <span class='ocrx_word' id='word_1_74' title='bbox 916 1743 979 1808; x_wconf 94' lang='lat' dir='ltr'>pro</span> <span class='ocrx_word' id='word_1_75' title='bbox 995 1723 1076 1790; x_wconf 87' lang='lat' dir='ltr'>Gal·</span> 
     </span>
     <span class='ocr_line' id='line_1_13' title="bbox 145 1831 1154 1918; baseline 0.002 -19"><span class='ocrx_word' id='word_1_76' title='bbox 145 1834 191 1899; x_wconf 80' lang='lat' dir='ltr'>lia</span> <span class='ocrx_word' id='word_1_77' title='bbox 214 1832 429 1918; x_wconf 81' lang='lat' dir='ltr'>Argentorati</span> <span class='ocrx_word' id='word_1_78' title='bbox 460 1848 511 1898; x_wconf 84' lang='lat' dir='ltr'>est</span> <span class='ocrx_word' id='word_1_79' title='bbox 532 1831 708 1916; x_wconf 85' lang='lat' dir='ltr'>Resrdens,</span> <span class='ocrx_word' id='word_1_80' title='bbox 743 1835 870 1918; x_wconf 76' lang='lat' dir='ltr'>scripsit</span> <span class='ocrx_word' id='word_1_81' title='bbox 898 1837 1008 1906; x_wconf 85' lang='lat' dir='ltr'>literas</span> <span class='ocrx_word' id='word_1_82' title='bbox 1035 1838 1077 1902; x_wconf 81' lang='lat' dir='ltr'>ad</span> <span class='ocrx_word' id='word_1_83' title='bbox 1151 1871 1154 1882; x_wconf 93' lang='lat'>·</span> 
     </span>
     <span class='ocr_line' id='line_1_14' title="bbox 145 1945 1079 2032; baseline 0.004 -20"><span class='ocrx_word' id='word_1_84' title='bbox 145 1949 316 2032; x_wconf 76' lang='lat' dir='ltr'>ciuitatem</span> <span class='ocrx_word' id='word_1_85' title='bbox 337 1945 663 2029; x_wconf 80' lang='lat' dir='ltr'>Francosurtenlem,</span> <span class='ocrx_word' id='word_1_86' title='bbox 697 1962 755 2029; x_wconf 81' lang='lat' dir='ltr'>ut,</span> <span class='ocrx_word' id='word_1_87' title='bbox 782 1951 805 2016; x_wconf 88' lang='lat' dir='ltr'><strong>fi</strong></span> <span class='ocrx_word' id='word_1_88' title='bbox 829 1970 847 2015; x_wconf 88' lang='lat' dir='ltr'>a</span> <span class='ocrx_word' id='word_1_89' title='bbox 870 1952 948 2016; x_wconf 88' lang='lat' dir='ltr'>belli</span> <span class='ocrx_word' id='word_1_90' title='bbox 983 1967 1079 2016; x_wconf 91' lang='lat' dir='ltr'>motu</span> 
     </span>
     <span class='ocr_line' id='line_1_15' title="bbox 144 2060 1076 2142; baseline 0.001 -16"><span class='ocrx_word' id='word_1_91' title='bbox 144 2063 227 2126; x_wconf 88' lang='lat' dir='ltr'>uelit</span> <span class='ocrx_word' id='word_1_92' title='bbox 257 2061 324 2127; x_wconf 85' lang='lat' dir='ltr'>esse</span> <span class='ocrx_word' id='word_1_93' title='bbox 352 2060 530 2142; x_wconf 81' lang='lat' dir='ltr'>immunis,</span> <span class='ocrx_word' id='word_1_94' title='bbox 562 2061 592 2128; x_wconf 90' lang='lat' dir='ltr'>se</span> <span class='ocrx_word' id='word_1_95' title='bbox 623 2064 658 2128; x_wconf 93' lang='lat' dir='ltr'>in</span> <span class='ocrx_word' id='word_1_96' title='bbox 692 2065 827 2130; x_wconf 88' lang='lat' dir='ltr'>tutelam</span> <span class='ocrx_word' id='word_1_97' title='bbox 856 2063 911 2128; x_wconf 90' lang='lat' dir='ltr'>det</span> <span class='ocrx_word' id='word_1_98' title='bbox 943 2063 1076 2130; x_wconf 81' lang='lat' dir='ltr'>Gallim.</span> 
     </span>
     <span class='ocr_line' id='line_1_16' title="bbox 145 2175 1080 2262; baseline 0.001 -20"><span class='ocrx_word' id='word_1_99' title='bbox 145 2176 216 2262; x_wconf 84' lang='lat' dir='ltr'>Qui</span> <span class='ocrx_word' id='word_1_100' title='bbox 239 2175 272 2240; x_wconf 91' lang='lat' dir='ltr'>iu</span> <span class='ocrx_word' id='word_1_101' title='bbox 296 2175 446 2259; x_wconf 78' lang='lat' dir='ltr'>praeludio</span> <span class='ocrx_word' id='word_1_102' title='bbox 470 2180 545 2242; x_wconf 89' lang='lat' dir='ltr'>sunt</span> <span class='ocrx_word' id='word_1_103' title='bbox 568 2177 827 2260; x_wconf 83' lang='lat' dir='ltr'>Francotholiae‚</span> <span class='ocrx_word' id='word_1_104' title='bbox 852 2180 1080 2246; x_wconf 77' lang='lat' dir='ltr'>hactenus=ad</span> 
     </span>
     <span class='ocr_line' id='line_1_17' title="bbox 143 2290 1082 2379; baseline 0.003 -22"><span class='ocrx_word' id='word_1_105' title='bbox 143 2290 395 2379; x_wconf 81' lang='lat' dir='ltr'>Mogontiacum</span> <span class='ocrx_word' id='word_1_106' title='bbox 421 2310 527 2373; x_wconf 84' lang='lat' dir='ltr'>usque</span> <span class='ocrx_word' id='word_1_107' title='bbox 552 2308 745 2360; x_wconf 85' lang='lat' dir='ltr'>excurrunt.</span> <span class='ocrx_word' id='word_1_108' title='bbox 811 2293 906 2360; x_wconf 85' lang='lat' dir='ltr'>Fama</span> <span class='ocrx_word' id='word_1_109' title='bbox 933 2292 1082 2377; x_wconf 83' lang='lat' dir='ltr'>quaedam</span> 
     </span>
     <span class='ocr_line' id='line_1_18' title="bbox 144 2385 1080 2490; baseline 0.002 -20"><span class='ocrx_word' id='word_1_110' title='bbox 144 2404 257 2472; x_wconf 80' lang='lat' dir='ltr'>eorde</span> <span class='ocrx_word' id='word_1_111' title='bbox 280 2407 490 2480; x_wconf 81' lang='lat' dir='ltr'>matrimonio</span> <span class='ocrx_word' id='word_1_112' title='bbox 513 2405 614 2490; x_wconf 83' lang='lat' dir='ltr'>Regis</span> <span class='ocrx_word' id='word_1_113' title='bbox 639 2405 812 2488; x_wconf 80' lang='lat' dir='ltr'>Hispaniae</span> <span class='ocrx_word' id='word_1_114' title='bbox 840 2427 914 2470; x_wconf 87' lang='lat' dir='ltr'>cum</span> <span class='ocrx_word' id='word_1_115' title='bbox 936 2385 1080 2474; x_wconf 80' lang='lat' dir='ltr'>Domina</span> 
     </span>
     <span class='ocr_line' id='line_1_19' title="bbox 147 2505 1081 2602; baseline -0.003 -18"><span class='ocrx_word' id='word_1_116' title='bbox 147 2518 357 2601; x_wconf 85' lang='lat' dir='ltr'>Oenipotana</span> <span class='ocrx_word' id='word_1_117' title='bbox 386 2505 552 2602; x_wconf 80' lang='lat' dir='ltr'>Principe.</span> <span class='ocrx_word' id='word_1_118' title='bbox 606 2519 755 2588; x_wconf 90' lang='lat' dir='ltr'>Laborat</span> <span class='ocrx_word' id='word_1_119' title='bbox 773 2507 905 2599; x_wconf 47' lang='lat' dir='ltr'>Gallim</span> <span class='ocrx_word' id='word_1_120' title='bbox 929 2518 969 2584; x_wconf 88' lang='lat' dir='ltr'>ad</span> <span class='ocrx_word' id='word_1_121' title='bbox 989 2537 1081 2584; x_wconf 64' lang='lat' dir='ltr'>coru-</span> 
     </span>
     <span class='ocr_line' id='line_1_20' title="bbox 83 2633 1079 2728; baseline -0.004 -28"><span class='ocrx_word' id='word_1_122' title='bbox 83 2693 86 2700; x_wconf 92' lang='lat'><em>.</em></span> <span class='ocrx_word' id='word_1_123' title='bbox 144 2634 330 2720; x_wconf 89' lang='lat' dir='ltr'>primendas</span> <span class='ocrx_word' id='word_1_124' title='bbox 361 2633 545 2704; x_wconf 84' lang='lat' dir='ltr'>discordias</span> <span class='ocrx_word' id='word_1_125' title='bbox 572 2633 811 2718; x_wconf 81' lang='lat' dir='ltr'>Tigurinorum</span> <span class='ocrx_word' id='word_1_126' title='bbox 834 2655 909 2700; x_wconf 90' lang='lat' dir='ltr'>curn</span> <span class='ocrx_word' id='word_1_127' title='bbox 936 2633 1079 2728; x_wconf 66' lang='lat' dir='ltr'>vicinia:</span> 
     </span>
    </p>
   </div>
   <div class='ocr_carea' id='block_1_3' title="bbox 36 2746 1169 2932">
    <p class='ocr_par' dir='ltr' id='par_1_3' title="bbox 36 2746 1169 2932">
     <span class='ocr_line' id='line_1_21' title="bbox 36 2746 1082 2830; baseline -0.004 -14"><span class='ocrx_word' id='word_1_128' title='bbox 36 2756 38 2762; x_wconf 80' lang='grc'>’</span> <span class='ocrx_word' id='word_1_129' title='bbox 145 2749 313 2830; x_wconf 87' lang='lat' dir='ltr'>Helvetii,</span> <span class='ocrx_word' id='word_1_130' title='bbox 344 2748 385 2814; x_wconf 88' lang='lat' dir='ltr'>od</span> <span class='ocrx_word' id='word_1_131' title='bbox 410 2747 657 2830; x_wconf 87' lang='lat' dir='ltr'>componendas.</span> <span class='ocrx_word' id='word_1_132' title='bbox 677 2767 753 2828; x_wconf 86' lang='lat' dir='ltr'>eas,</span> <span class='ocrx_word' id='word_1_133' title='bbox 788 2769 860 2830; x_wconf 86' lang='lat' dir='ltr'>quae</span> <span class='ocrx_word' id='word_1_134' title='bbox 891 2746 968 2828; x_wconf 73' lang='lat' dir='ltr'>stunt</span> <span class='ocrx_word' id='word_1_135' title='bbox 996 2749 1082 2824; x_wconf 78' lang='lat' dir='ltr'>inter</span> 
     </span>
     <span class='ocr_line' id='line_1_22' title="bbox 145 2855 1169 2932; baseline -0.003 -4"><span class='ocrx_word' id='word_1_136' title='bbox 145 2863 301 2928; x_wconf 87' lang='lat' dir='ltr'>Rhaetos.</span> <span class='ocrx_word' id='word_1_137' title='bbox 360 2861 626 2930; x_wconf 72' lang='lat' dir='ltr'>&#39;Perfectasunt</span> <span class='ocrx_word' id='word_1_138' title='bbox 661 2865 861 2930; x_wconf 85' lang='lat' dir='ltr'>munimenta</span> <span class='ocrx_word' id='word_1_139' title='bbox 890 2863 978 2932; x_wconf 86' lang='lat' dir='ltr'>circa</span> <span class='ocrx_word' id='word_1_140' title='bbox 1004 2862 1081 2928; x_wconf 78' lang='lat' dir='ltr'>Phi·</span> <span class='ocrx_word' id='word_1_141' title='bbox 1164 2855 1169 2862; x_wconf 83' lang='grc'><strong><em>’</em></strong></span> 
     </span>
    </p>
   </div>
   <div class='ocr_carea' id='block_1_4' title="bbox 80 2975 1169 3743">
    <p class='ocr_par' dir='ltr' id='par_1_4' title="bbox 80 2975 1169 3743">
     <span class='ocr_line' id='line_1_23' title="bbox 145 2975 1169 3060; baseline -0.004 -17"><span class='ocrx_word' id='word_1_142' title='bbox 145 2977 387 3060; x_wconf 82' lang='lat' dir='ltr'>lippiburgum.</span> <span class='ocrx_word' id='word_1_143' title='bbox 449 2978 619 3060; x_wconf 86' lang='lat' dir='ltr'>Principes</span> <span class='ocrx_word' id='word_1_144' title='bbox 642 2977 768 3056; x_wconf 84' lang='lat' dir='ltr'>Italiae,</span> <span class='ocrx_word' id='word_1_145' title='bbox 793 2978 851 3060; x_wconf 91' lang='lat' dir='ltr'>qui</span> <span class='ocrx_word' id='word_1_146' title='bbox 869 2991 986 3042; x_wconf 89' lang='lat' dir='ltr'>contra</span> <span class='ocrx_word' id='word_1_147' title='bbox 1004 2975 1084 3040; x_wconf 79' lang='lat' dir='ltr'>Bar·</span> <span class='ocrx_word' id='word_1_148' title='bbox 1167 2977 1169 2982; x_wconf 86' lang='lat'>&#39;</span> 
     </span>
     <span class='ocr_line' id='line_1_24' title="bbox 145 3089 1082 3176; baseline 0.007 -20"><span class='ocrx_word' id='word_1_149' title='bbox 145 3091 281 3164; x_wconf 88' lang='lat' dir='ltr'>barinos</span> <span class='ocrx_word' id='word_1_150' title='bbox 305 3089 417 3170; x_wconf 83' lang='lat' dir='ltr'>fuere,</span> <span class='ocrx_word' id='word_1_151' title='bbox 441 3105 561 3173; x_wconf 87' lang='lat' dir='ltr'>petunt</span> <span class='ocrx_word' id='word_1_152' title='bbox 585 3110 602 3156; x_wconf 86' lang='lat' dir='ltr'>a</span> <span class='ocrx_word' id='word_1_153' title='bbox 623 3092 732 3176; x_wconf 83' lang='lat' dir='ltr'>Papa,</span> <span class='ocrx_word' id='word_1_154' title='bbox 758 3107 801 3162; x_wconf 87' lang='lat' dir='ltr'>ut·</span> <span class='ocrx_word' id='word_1_155' title='bbox 821 3090 967 3174; x_wconf 80' lang='lat' dir='ltr'>ipsorum</span> <span class='ocrx_word' id='word_1_156' title='bbox 985 3103 1082 3163; x_wconf 67' lang='lat' dir='ltr'>notus</span> 
     </span>
     <span class='ocr_line' id='line_1_25' title="bbox 145 3203 1082 3290; baseline -0.004 -18"><span class='ocrx_word' id='word_1_157' title='bbox 145 3205 328 3290; x_wconf 85' lang='lat' dir='ltr'>approbet,</span> <span class='ocrx_word' id='word_1_158' title='bbox 360 3219 398 3270; x_wconf 91' lang='lat' dir='ltr'>ut</span> <span class='ocrx_word' id='word_1_159' title='bbox 423 3206 480 3286; x_wconf 91' lang='lat' dir='ltr'>qui</span> <span class='ocrx_word' id='word_1_160' title='bbox 500 3205 583 3270; x_wconf 88' lang='lat' dir='ltr'>nihil</span> <span class='ocrx_word' id='word_1_161' title='bbox 606 3205 716 3270; x_wconf 89' lang='lat' dir='ltr'>moliti</span> <span class='ocrx_word' id='word_1_162' title='bbox 739 3203 801 3269; x_wconf 90' lang='lat' dir='ltr'>fint</span> <span class='ocrx_word' id='word_1_163' title='bbox 828 3220 944 3274; x_wconf 86' lang='lat' dir='ltr'>contra</span> <span class='ocrx_word' id='word_1_164' title='bbox 964 3206 1082 3272; x_wconf 88' lang='lat' dir='ltr'>Eccle-</span> 
     </span>
     <span class='ocr_line' id='line_1_26' title="bbox 146 3316 1083 3410; baseline -0.004 -23"><span class='ocrx_word' id='word_1_165' title='bbox 146 3318 222 3388; x_wconf 78' lang='lat' dir='ltr'>fiam</span> <span class='ocrx_word' id='word_1_166' title='bbox 243 3333 300 3382; x_wconf 84' lang='lat' dir='ltr'>aut</span> <span class='ocrx_word' id='word_1_167' title='bbox 324 3316 426 3382; x_wconf 88' lang='lat' dir='ltr'>sedem</span> <span class='ocrx_word' id='word_1_168' title='bbox 450 3319 646 3410; x_wconf 63' lang='lat' dir='ltr'>Romanunm</span> <span class='ocrx_word' id='word_1_169' title='bbox 693 3319 874 3384; x_wconf 86' lang='lat' dir='ltr'>Castellani</span> <span class='ocrx_word' id='word_1_170' title='bbox 899 3339 974 3386; x_wconf 89' lang='lat' dir='ltr'>curn</span> <span class='ocrx_word' id='word_1_171' title='bbox 1000 3337 1083 3400; x_wconf 86' lang='lat' dir='ltr'>qua-</span> 
     </span>
     <span class='ocr_line' id='line_1_27' title="bbox 80 3415 1117 3520; baseline -0.003 -21"><span class='ocrx_word' id='word_1_172' title='bbox 80 3446 85 3454; x_wconf 80' lang='lat'><strong>·</strong></span> <span class='ocrx_word' id='word_1_173' title='bbox 147 3415 330 3498; x_wconf 86' lang='lat' dir='ltr'>tuordeclm</span> <span class='ocrx_word' id='word_1_174' title='bbox 359 3432 503 3504; x_wconf 82' lang='lat' dir='ltr'>millibus</span> <span class='ocrx_word' id='word_1_175' title='bbox 532 3434 599 3497; x_wconf 89' lang='lat' dir='ltr'>esse</span> <span class='ocrx_word' id='word_1_176' title='bbox 629 3433 789 3520; x_wconf 80' lang='lat' dir='ltr'>dicuntur</span> <span class='ocrx_word' id='word_1_177' title='bbox 822 3433 911 3514; x_wconf 88' lang='lat' dir='ltr'>apud</span> <span class='ocrx_word' id='word_1_178' title='bbox 942 3430 1082 3499; x_wconf 85' lang='lat' dir='ltr'>Badolo-</span> <span class='ocrx_word' id='word_1_179' title='bbox 1115 3489 1117 3496; x_wconf 83' lang='lat'>.</span> 
     </span>
     <span class='ocr_line' id='line_1_28' title="bbox 147 3546 1081 3634; baseline -0.003 -22"><span class='ocrx_word' id='word_1_180' title='bbox 147 3565 243 3634; x_wconf 81' lang='lat' dir='ltr'>zunta</span> <span class='ocrx_word' id='word_1_181' title='bbox 299 3546 483 3630; x_wconf 85' lang='lat' dir='ltr'>Portugalli</span> <span class='ocrx_word' id='word_1_182' title='bbox 512 3546 586 3612; x_wconf 87' lang='lat' dir='ltr'>inde</span> <span class='ocrx_word' id='word_1_183' title='bbox 612 3566 679 3610; x_wconf 92' lang='lat' dir='ltr'>non</span> <span class='ocrx_word' id='word_1_184' title='bbox 702 3548 798 3630; x_wconf 79' lang='lat' dir='ltr'>longe</span> <span class='ocrx_word' id='word_1_185' title='bbox 828 3546 916 3627; x_wconf 86' lang='lat' dir='ltr'>apud</span> <span class='ocrx_word' id='word_1_186' title='bbox 944 3547 1081 3610; x_wconf 86' lang='lat' dir='ltr'>Eluatnr</span> 
     </span>
     <span class='ocr_line' id='line_1_29' title="bbox 147 3641 1087 3743; baseline -0.002 -17"><span class='ocrx_word' id='word_1_187' title='bbox 147 3659 201 3726; x_wconf 88' lang='lat' dir='ltr'>sed</span> <span class='ocrx_word' id='word_1_188' title='bbox 223 3657 305 3722; x_wconf 90' lang='lat' dir='ltr'>nihil</span> <span class='ocrx_word' id='word_1_189' title='bbox 328 3676 418 3742; x_wconf 84' lang='lat' dir='ltr'>agere</span> <span class='ocrx_word' id='word_1_190' title='bbox 443 3641 562 3743; x_wconf 77' lang='lat' dir='ltr'>magni.</span> <span class='ocrx_word' id='word_1_191' title='bbox 628 3659 735 3724; x_wconf 87' lang='lat' dir='ltr'>Navis</span> <span class='ocrx_word' id='word_1_192' title='bbox 764 3658 929 3738; x_wconf 72' lang='lat' dir='ltr'>Tusciae,</span> <span class='ocrx_word' id='word_1_193' title='bbox 963 3679 1034 3740; x_wconf 84' lang='lat' dir='ltr'>quae</span> <span class='ocrx_word' id='word_1_194' title='bbox 1066 3679 1087 3724; x_wconf 86' lang='lat' dir='ltr'>a</span> 
     </span>
    </p>
   </div>
   <div class='ocr_carea' id='block_1_5' title="bbox 14 3769 1085 3856">
    <p class='ocr_par' dir='ltr' id='par_1_5' title="bbox 14 3769 1085 3856">
     <span class='ocr_line' id='line_1_30' title="bbox 14 3769 1085 3856; baseline 0 -20"><span class='ocrx_word' id='word_1_195' title='bbox 14 3847 15 3850; x_wconf 8' lang='grc' dir='ltr'><strong>Ἴ</strong></span> <span class='ocrx_word' id='word_1_196' title='bbox 121 3769 376 3856; x_wconf 55' lang='grc' dir='ltr'>Υ1Νί1ε1ἰῐεηΐιὶηιε</span> <span class='ocrx_word' id='word_1_197' title='bbox 402 3769 467 3835; x_wconf 78' lang='lat' dir='ltr'>fuit</span> <span class='ocrx_word' id='word_1_198' title='bbox 503 3786 619 3855; x_wconf 86' lang='lat' dir='ltr'>capta,</span> <span class='ocrx_word' id='word_1_199' title='bbox 655 3773 818 3837; x_wconf 85' lang='lat' dir='ltr'>machinas</span> <span class='ocrx_word' id='word_1_200' title='bbox 849 3772 964 3836; x_wconf 86' lang='lat' dir='ltr'>habuit</span> <span class='ocrx_word' id='word_1_201' title='bbox 996 3771 1085 3836; x_wconf 87' lang='lat' dir='ltr'>sexa·</span> 
     </span>
    </p>
   </div>
   <div class='ocr_carea' id='block_1_6' title="bbox 140 3872 1152 4084">
    <p class='ocr_par' dir='ltr' id='par_1_6' title="bbox 140 3872 1152 4084">
     <span class='ocr_line' id='line_1_31' title="bbox 140 3872 1083 3978; baseline -0.001 -29"><span class='ocrx_word' id='word_1_202' title='bbox 140 3875 257 3978; x_wconf 75' lang='lat' dir='ltr'>&#39;giutaa</span> <span class='ocrx_word' id='word_1_203' title='bbox 282 3885 391 3975; x_wconf 66' lang='lat' dir='ltr'>praeda</span> <span class='ocrx_word' id='word_1_204' title='bbox 413 3885 596 3956; x_wconf 82' lang='lat' dir='ltr'>aestimatur</span> <span class='ocrx_word' id='word_1_205' title='bbox 615 3887 655 3950; x_wconf 86' lang='lat' dir='ltr'>ad</span> <span class='ocrx_word' id='word_1_206' title='bbox 679 3872 843 3952; x_wconf 85' lang='lat' dir='ltr'>milliones</span> <span class='ocrx_word' id='word_1_207' title='bbox 869 3883 968 3953; x_wconf 89' lang='lat' dir='ltr'>duos.</span> <span class='ocrx_word' id='word_1_208' title='bbox 1003 3883 1083 3950; x_wconf 86' lang='lat' dir='ltr'>Afri</span> 
     </span>
     <span class='ocr_line' id='line_1_32' title="bbox 578 3991 1152 4084; baseline 0 0"><span class='ocrx_word' id='word_1_209' title='bbox 578 3998 654 4084; x_wconf 77' lang='lat' dir='ltr'>Es</span> <span class='ocrx_word' id='word_1_210' title='bbox 840 4001 842 4011; x_wconf 80' lang='grc'><strong>“</strong></span> <span class='ocrx_word' id='word_1_211' title='bbox 1037 3991 1152 4084; x_wconf 78' lang='lat' dir='ltr'>ri·&#39;</span> 
     </span>
    </p>
   </div>
   <div class='ocr_carea' id='block_1_7' title="bbox 0 0 1515 5098">
    <p class='ocr_par' dir='ltr' id='par_1_7' title="bbox 0 0 1515 5098">
     <span class='ocr_line' id='line_1_33' title="bbox 0 0 1515 5098; baseline 0 0"><span class='ocrx_word' id='word_1_212' title='bbox 0 0 1515 5098; x_wconf 95' lang='lat' dir='ltr'> </span> 
     </span>
    </p>
   </div>
  </div>
 </body>
</html>
