3014 5098
347 482 349 486 ·
440 467 481 560 m·
577 423 1240 546 nuoonrsouorrr

440 666 497 734 ges
516 635 783 729 iudiciorumqur
801 645 947 712 ordinem
966 643 1079 726 facta,
1102 645 1188 710 dirrit
1210 645 1280 711 haec
1299 643 1392 712 Car·

445 761 564 828 dinalis
598 760 758 846 pertinere
801 759 842 826 ad
882 774 1028 843 tempora
1069 759 1240 826 Ludovici
1276 757 1386 838 XIII,

446 874 546 941 cultra
569 875 617 942 ita
637 874 819 941 veneranda
838 873 922 939 esset
946 875 1034 939 bona
1054 873 1228 958 memoria,
1253 886 1291 935 ut
1309 871 1385 935 cius

448 1006 523 1056 acta
545 990 693 1066 vellicari
719 989 850 1054 minime
877 1003 1060 1072 oporteret.
1107 991 1195 1055 Cum
1214 1003 1295 1052 vero
1316 984 1386 1048 lte-

446 1097 523 1190 gin'a
549 1104 614 1169 alio
644 1118 813 1189 tempore,
843 1103 873 1168 se
911 1103 1010 1187 posse
1047 1101 1184 1184 quasvis
1224 1099 1385 1184 pecunias

448 1219 605 1301 imperare
629 1220 756 1305 populo
780 1217 844 1286 fine
869 1219 1097 1298 Parlamento,
1121 1214 1206 1281 dixit
1224 1214 1388 1294 Princeps

449 1332 639 1415 Condaeus,
671 1333 705 1398 id
734 1351 803 1397 non
833 1333 913 1396 bene
940 1331 1189 1408 successurum,
1222 1345 1326 1409 neque
1352 1326 1389 1390 se

447 1447 731 1530 suspectumesl'e
755 1446 869 1510 debere
891 1431 1072 1536 factionis,
1099 1445 1156 1527 qui
1177 1443 1265 1508 bona
1287 1441 1389 1506 habe·
1443 1431 1445 1439 ’

421 1647 424 1652 ⁸
448 1575 497 1626 ret
516 1563 549 1625 in
568 1560 721 1625 omnibus
739 1561 847 1645 Regni
868 1563 1043 1642 partibus,
1068 1561 1160 1624 illico
1185 1555 1386 1636 amittenda,
1491 1599 1492 1624 ι

449 1673 558 1757 siquid
578 1676 824 1740 commovisset.
870 1675 935 1740 Est
952 1674 1005 1738 hic
1024 1672 1206 1740 Carentoni
1224 1669 1385 1753 Synodus
1491 1719 1492 1740 ,

386 1821 388 1827 v
450 1787 644 1853 Nationalis
671 1787 955 1856 Reformatorum.
1031 1789 1086 1854 nb
1122 1807 1157 1853 ea
1196 1784 1388 1868 impetravit

449 1897 662 1982 Mileterius,
686 1917 724 1968 ut
749 1903 1149 1987 quidamdelegarentur,
1176 1898 1385 1967 collocuturi

446 2015 554 2082 secum
583 2016 621 2080 de
645 2016 898 2084 iustificatione.
965 2017 1067 2084 Facta
1102 2029 1153 2082 est
1182 2016 1216 2080 in
1248 2014 1384 2097 scriptis

447 2129 586 2194 collatio
612 2131 706 2195 nullo
734 2143 808 2198 cunt
833 2131 960 2196 fructu.
1033 2130 1122 2214 Papa
1154 2147 1223 2194 non
1255 2142 1384 2194 tantum

447 2243 483 2306 in
517 2241 552 2306 id
581 2241 731 2324 laborat,
762 2258 801 2311 ut
829 2244 971 2326 Gallos,
1002 2245 1025 2314 fi
1060 2243 1189 2327 possrt,
1215 2263 1256 2310 ex
1290 2242 1385 2310 Italia

448 2369 618 2436 amoveat,
648 2356 695 2421 ita
722 2370 849 2424 tentato
877 2359 1032 2442 Principe
1058 2357 1208 2439 Thoma,
1248 2371 1286 2424 ut
1311 2375 1387 2422 eum

448 2470 569 2537 Galliae
603 2469 793 2554 suspectum
824 2471 962 2553 fecerit,
986 2491 1100 2538 verum
1132 2471 1229 2539 etiam
1262 2471 1385 2536 excitat

449 2604 563 2670 ornnes
594 2583 698 2652 Italiae
728 2585 899 2670 Principes
936 2605 973 2653 ac
1003 2587 1191 2667 Civitates,
1225 2599 1265 2652 ut
1300 2583 1383 2670 Regi

447 2700 579 2784 Angliae
605 2699 740 2764 militem
766 2713 823 2764 aut
848 2701 1006 2782 pecunias
1034 2702 1182 2768 mittant.
1228 2700 1275 2766 Et
1301 2699 1384 2763 dici-

450 2826 510 2879 tur
530 2811 723 2881 Ethruscus
747 2813 874 2894 aliquid
897 2813 1096 2896 promifisse.
1150 2813 1253 2880 Miles
1279 2813 1387 2880 Galli·

449 2944 511 2990 cus
535 2925 568 2990 in
591 2925 958 2993 Montisferratensrbus
990 2928 1077 2992 locis
1104 2928 1291 3014 gravissime
1316 2928 1385 3009 plc-

445 3040 518 3106 bem
546 3054 657 3106 vexat.
702 3038 853 3120 Misius,
877 3041 934 3122 qui
958 3040 997 3104 de
1022 3059 1061 3106 eo
1090 3044 1238 3123 querelas
1270 3044 1303 3108 in
1326 3059 1385 3106 au·

399 3149 401 3156 “
445 3155 510 3219 lam
542 3154 706 3221 Gallicam
736 3152 898 3236 deferret,
939 3154 1143 3239 Bidosenus,
1185 3157 1220 3222 in
1245 3157 1382 3236 itincre,

447 3265 559 3331 nescio
588 3267 775 3352 aquibus,
807 3269 1002 3337 interfectus
1027 3283 1091 3333 est.
1137 3272 1244 3336 Arccs
1268 3271 1383 3338 Culis·

447 3379 561 3446 sanum
593 3395 626 3445 et
657 3382 834 3466 Carmana,
867 3386 901 3449 in
935 3383 1068 3468 regione
1094 3383 1239 3471 Langae,
1270 3385 1381 3464 Galli,

450 3493 542 3576 quod
560 3511 642 3578 augre
662 3493 791 3562 defendi
813 3497 946 3581 possent
959 3497 1149 3579 ,disiecere.
1182 3499 1382 3581 CasamIrus,

444 3621 619 3692 antequam
654 3608 902 3678 cardinalatum
934 3611 1050 3693 adeat,
1090 3613 1121 3678 se
1152 3615 1384 3697 presbyterum
1487 3672 1488 3682 ,

446 3719 571 3803 faciet,
603 3722 650 3788 ita
675 3726 828 3807 volente,
863 3738 902 3792 ut
927 3727 1072 3806 dicitur,
1103 3727 1250 3794 Poioniae
1277 3730 1380 3814 llege,

443 3834 500 3902 Ex
518 3837 810 3922 Constantinopoli
834 3839 1016 3921 discimus,
1045 3839 1208 3906 laborasse
1229 3842 1276 3906 ibi
1298 3844 1381 3926 lega-

445 3963 517 4015 tum
537 3949 775 4036 Imperatoris,
799 3971 837 4022 ut
855 3969 920 4038 pax
939 3971 1099 4042 perpetua
1120 3954 1234 4040 fieret,
1257 3971 1302 4022 ut.
1316 3955 1385 4020 Ra·
1486 4035 1487 4050 χ
