3030 5102
422 428 467 506 aa
563 413 905 492 rr’noonts
949 420 1227 524 onornr

420 585 600 660 'stibntom
626 609 666 660 ex
688 590 785 659 censu
807 604 839 658 et
858 589 898 660 nd
911 590 1076 679 Hospite
1091 594 1238 666 militum
1254 600 1352 670 abnez

416 715 491 789 gnta
514 703 590 772 sunt
615 704 795 775 mulcenda
821 705 922 788 pieni.
977 706 1134 791 Toronen
1155 732 1251 780 aurea
1274 716 1371 784 dara.

415 831 466 890 ut
487 818 618 912 cursori
639 819 746 888 aulico
769 819 995 904 Imperatorio

424 963 427 970 ·
459 933 542 1000 Haec
565 949 602 1000 ut
627 931 813 1016 scripseram
837 936 927 1024 venit
951 934 991 1005 od
1013 954 1061 1006 me
1083 937 1247 1007 Balliolus
1269 963 1347 1010 aert-

417 1047 459 1114 rii
481 1045 680 1134 profectum
712 1049 741 1118 io
771 1049 874 1116 muita
902 1029 1039 1120 locutus
1067 1051 1105 1118 de
1122 1053 1256 1139 Reginae
1283 1061 1348 1124 Re-

418 1163 526 1248 gentie
549 1181 624 1248 erga
648 1163 803 1248 Reginam
829 1161 956 1234 suetiiae
978 1164 1119 1248 assectn3
1145 1168 1229 1236 dixit
1244 1172 1346 1254 mihi,

418 1276 543 1346 tectim
566 1276 728 1344 censuisse
747 1276 926 1360 Reginam,
951 1296 1018 1348 non
1034 1279 1203 1349 admittere
1219 1284 1251 1348 in
1264 1287 1347 1354 hanc

399 1391 529 1472 'ttrbcm
569 1391 664 1458 illurn
701 1391 740 1460 ab
778 1391 940 1472 Hispania
973 1393 1134 1475 legatum:
1162 1398 1349 1466 ¹decretum

418 1520 525 1574 eutem
551 1504 652 1590 Regio
672 1519 705 1570 et
724 1503 859 1587 Reginae
881 1502 1093 1572 adservanda
1116 1511 1223 1578 edicta
1242 1514 1280 1578 de
1299 1534 1350 1580 ro·

418 1622 541 1704 ligione
569 1621 632 1688 iam
667 1618 825 1700 scriptum
859 1615 938 1683 csse.
986 1620 1349 1700 Deus‚1nustrisfine

417 1735 580 1814 Domine,
598 1735 726 1801 Exceil.
748 1745 836 1799 tumn
857 1730 890 1795 in
906 1734 1076 1815 prosperis
1098 1738 1194 1806 rebus
1211 1739 1270 1808 diu
1286 1742 1350 1808 ser.

415 1866 484 1926 net.
530 1823 714 1927 &iiiiii
736 1873 980 1936 ctotocxmrt.

567 1948 606 1999 w
630 1928 940 2088 Iunl,sirtceiientiae
972 2034 1036 2085 tuae
1066 1984 1308 2090 addictissimus

731 2129 1031 2215 devotisstmusque
1060 2136 1172 2198 enitor

1006 2248 1053 2313 H.
1079 2249 1304 2318 Greortus.

459 2431 671 2515 ANeapoii,
697 2433 838 2498 navibus
857 2434 975 2515 partim
997 2433 1128 2518 longis,
1152 2434 1349 2516 paninGa.

417 2548 595 2627 leonibus,
625 2559 800 2611 vectentur
827 2548 860 2612 in
886 2547 1075 2629 Hispaniam
1107 2547 1170 2618 trin
1201 2549 1348 2632 pediturn

417 2652 543 2740 millia,
559 2662 637 2742 equi
652 2663 753 2728 mille.
781 2649 919 2726 Hibe'tni
937 2663 1125 2742 complures
1146 2663 1179 2726 in
1195 2663 1348 2747 Angiiant

413 2789 587 2847 transeunt
607 2787 645 2838 ut
666 2773 751 2857 Regi
769 2775 922 2839 militent.
990 2771 1105 2840 Mot'tn
1126 2777 1348 2844 Odincnttius

412 2888 531 2956 hebete
556 2886 681 2951 dicitur
701 2887 765 2952 XV
781 2887 882 2952 miliia
899 2886 1068 2971 peditum,
1094 2889 1156 2954 tria
1180 2891 1345 2970 equitnm.

413 3001 518 3086 Apud
535 3001 754 3066 Somersetum
771 3001 841 3066 Rex
858 3001 985 3085 Angliae
1005 3003 1120 3066 habere
1142 3002 1267 3069 dicitur
1288 3006 1351 3070 mis

413 3121 511 3184 sitnm
539 3118 641 3183 millia
667 3116 758 3196 XIV,
786 3115 874 3199 apud
899 3117 1128 3183 Abinctonttm
1159 3118 1278 3200 XVII,
1312 3133 1347 3184 et

411 3231 558 3296 delectus
585 3228 690 3298 facere
715 3231 748 3297 in
774 3232 969 3298 Cornutiia.
1015 3231 1345 3314 Parlamcntariorttm

411 3365 481 3412 non
510 3359 609 3412 tantae
641 3360 805 3429 putantur
833 3343 900 3408 esse
928 3344 1047 3425 copiae.
1092 3337 1247 3427 Val'lum,
1277 3365 1347 3428 quo

414 3473 523 3528 cestro
549 3456 646 3522 ducis
665 3457 832 3540 Angniani
858 3457 898 3520 ad
922 3457 1117 3524 Theodonis
1142 3460 1254 3529 villam
1274 3460 1347 3526 cin·

398 3591 561 3660 guntur,
585 3572 687 3636 aitutn
709 3586 761 3634 est
786 3569 883 3651 pedes
903 3571 1033 3653 decern,
1049 3587 1184 3653 potens,
1210 3575 1244 3639 in
1259 3575 1345 3640 sum·
1442 3571 1448 3584 '

413 3695 525 3758 nitate
548 3687 644 3776 pedes
677 3670 739 3767 IV,
759 3686 792 3750 in
811 3685 875 3748 imo
895 3670 978 3766 xTn
1002 3686 1082 3753 sunt,
1098 3687 1280 3754 obsidentes
1305 3685 1345 3750 ati

410 3807 474 3875 XV
499 3807 600 3870 millia
626 3803 774 3888 equitum
801 3801 894 3868 simui
918 3803 1144 3885 peditumque.
1197 3803 1229 3866 Δ
1257 3799 1343 3872 Meti

409 3921 444 3990 in
477 3941 513 3986 ea
542 3933 653 3985 castra
681 3936 795 3986 venere
825 3915 934 3983 decem
963 3918 1142 4000 machinae,
1167 3916 1345 4004 globorum

1311 4043 1346 4094 et

1503 1159 1505 1316 i
