3014 5098
297 421 947 534 ·‘E.P18TQLAE1NnotTAE.·
1053 440 1092 508 ω

160 603 362 674 norbonlas.
408 603 535 668 Missus
566 615 620 670 est
648 623 667 668 a
693 603 819 690 Regina
838 605 1007 691 Regente,
1038 609 1098 690 qui

159 724 190 786 ei
211 733 389 799 occurrat,
425 719 568 799 primum
595 717 799 804 Souvraeus,
832 720 947 786 deinde
974 723 1095 788 Comes

158 834 377 902 Hsrcurtius·
445 830 481 896 Si
510 833 576 898 huc
607 832 743 914 veniat,
774 834 880 919 arceri
902 836 941 898 ab
967 837 1096 919 artonis

159 969 235 1016 eum
254 948 380 1032 Regino
395 945 541 1030 Regente
556 947 740 1030 colloquiis
758 965 825 1012 non
842 948 981 1030 poterit.
1018 948 1098 1022 Ome

159 1063 214 1144 nia
240 1061 438 1140 conabitur,
468 1073 506 1123 ut
531 1057 565 1124 in
589 1059 785 1141 Germania,
816 1060 928 1143 stpux
950 1062 1097 1129 nondum

160 1189 295 1260 potest,
326 1173 468 1240 indttciae
492 1168 594 1254 fiant,
626 1187 659 1236 et
684 1191 745 1256 ope
767 1173 915 1258 Regum,
943 1175 983 1241 ad
1008 1194 1095 1258 quos

158 1290 343 1370 exemplum
367 1289 431 1352 hoc
454 1285 598 1368 spectare
621 1284 778 1365 videtur,
808 1304 866 1350 rex
894 1288 1031 1354 maritus
1062 1289 1098 1352 iu

157 1403 214 1472 ius
245 1401 339 1472 suum
365 1397 587 1481 restituatur,
624 1399 721 1466 cuius
756 1417 846 1464 nunc
882 1399 954 1482 spes
984 1418 1096 1476 omnes
1162 1467 1165 1475 ,

159 1515 281 1600 partim
315 1513 510 1594 Hibernos,
554 1514 673 1596 purtim
707 1525 862 1580 externos
901 1512 1097 1598 respiciunt.

8 1663 9 1674 κ
113 1611 115 1616 ’
160 1629 208 1696 Et
235 1639 321 1694 certe
352 1629 644 1710 metuuntmulti,
673 1646 711 1692 ne
743 1646 822 1694 aura
845 1626 913 1722 istt¹
936 1627 1098 1696 libertatis

161 1755 253 1831 trans
279 1758 364 1806 mare
387 1743 452 1808 huc
477 1741 661 1824 perveniet.
704 1740 799 1808 Deus
823 1742 893 1806 haee
916 1743 1097 1828 gubernet,

159 1856 334 1938 idemque,
357 1854 579 1923 illustrissimi
595 1869 627 1918 et
645 1847 922 1922 Excellentissrmi
937 1857 1096 1938 Domini,

159 1969 380 2060 =litttellentiis
394 1970 527 2036 Vestris
544 1970 598 2056 det
614 1968 723 2034 omniu
736 1987 911 2052 prospera.
956 1969 1101 2036 Lutetiae
1200 1999 1203 2009 ·

163 2074 233 2230 ἐξ
245 2111 393 2195 Augusti
415 2117 656 2178 ctotocxttv.

392 2241 609 2310 Excellentiis
632 2239 765 2309 Vestris
787 2242 940 2310 inservire
965 2262 1059 2328 part·

393 2355 537 2421 tissimus
561 2354 886 2440 obligatisstmusque

751 2470 806 2536 tt.
831 2469 1056 2538 Gnortus.

205 2673 258 2741 De
285 2685 365 2756 psee
390 2670 500 2755 agitur
535 2668 621 2736 inter
649 2669 771 2756 Regem
805 2642 935 2759 Angliae
963 2687 995 2738 et
1023 2673 1100 2738 Par·
1215 2725 1217 2732 ,

163 2791 342 2856 lamentum
369 2805 426 2869 per
448 2783 590 2854 Batavos
618 2788 721 2872 magis
754 2807 850 2871 quam
881 2807 940 2874 per
965 2788 1099 2855 Gallos.

162 2903 203 2969 In
227 2901 379 2969 America
395 2899 517 2984 Angli,
542 2897 644 2968 secuti
663 2903 846 2986 exemplum
868 2901 1029 2986 originis,
1051 2901 1101 2964 di·
1172 2919 1176 2924 ·

164 3016 224 3081 visr
241 3018 274 3080 in
288 3016 401 3099 ‘regios
426 3025 458 3081 et
478 3013 775 3095 Ptrlumentttios‘,
800 3033 916 3098 magna
936 3013 1027 3083 clade
1053 3013 1102 3078 af-

164 3125 246 3194 fecti
272 3127 348 3193 sunt
375 3127 414 3192 sb
439 3127 658 3226 Americanis.
720 3159 721 3162 ¹
756 3159 759 3168 =

206 3241 289 3308 Vidi
324 3260 398 3308 cum
436 3240 556 3325 gaudio
578 3254 621 3306 ‘et
643 3239 889 3325 admiratione,
911 3242 1097 3309 ·Ill.Dom.
1192 3233 1197 3246 '

165 3332 624 3422 naronemoienuiemtum.
672 3355 753 3426 Non
778 3356 881 3424 dicam
898 3355 937 3420 de
962 3357 1034 3421 eius
1051 3357 1103 3420 in·

165 3469 283 3560 genio,
317 3469 443 3535 iudicio
467 3467 566 3552 supro
590 3481 717 3536 aetatent
738 3447 778 3533 'et
799 3468 932 3536 summis
952 3470 1099 3555 ,virtuti-

113 3579 116 3585 '
159 3581 256 3662 'bus,
278 3600 351 3661 quae
373 3581 441 3648 tlici
457 3583 598 3666 debent3
617 3582 677 3649 'sed
699 3583 932 3649 tacitusintra
949 3601 998 3650 me
1021 3583 1101 3648 mlii·

165 3696 342 3762 mationem
367 3697 450 3762 hanc
474 3698 616 3790 reservo.

159 3867 161 3884 ,
210 3808 330 3874 Arcem
362 3809 557 3891 Sartirtnae,
595 3829 661 3879 rem
688 3829 756 3878 non
783 3811 890 3898 magni
916 3814 1096 3894 momenti,
1190 3879 1192 3886 s

166 3933 298 4004 raptam
313 3939 382 3994 nou
396 3923 497 4014 longe
515 3925 660 4002 uBreruo
671 3971 684 4011 ,
708 3925 798 4002 Galli
807 3950 822 4012 ,·
835 3940 874 3998 ut
892 3926 949 3996 sua
967 3927 1096 4010 solent,

1038 4057 1100 4125 pro
1192 4049 1194 4056 ’
