3050 5096
444 471 502 533 ron
570 451 1292 527 IOHANNISOXENSTIERNAE

433 613 531 704 bonae
550 629 701 698 amicitiae
720 619 830 709 partes
849 625 995 708 apud'll.
1007 625 1226 709 servientum.
1275 627 1374 712 Qua·

434 764 567 828 cunque
591 760 672 807 vero
696 741 729 805 in
751 740 892 805 huiusce
908 741 954 805 rei
974 739 1244 823 compositionem
1268 743 1373 808 utrin-

431 881 495 945 que
524 881 542 924 a
574 857 673 922 nobis
709 854 784 919 sunt
816 855 957 935 collata,
988 873 1056 922 non
1093 856 1176 919 tanti
1208 853 1371 939 fecimus,

432 991 472 1040 ut
498 970 725 1048 crederemus,
749 979 863 1048 eorum
883 968 1053 1051 respectu,
1078 985 1155 1032 mox
1174 967 1271 1050 posse
1294 988 1371 1035 coa-

433 1092 557 1158 lescere
594 1082 820 1147 dissidentium
865 1082 1048 1146 animorum
1086 1083 1245 1161 vulnera,
1287 1082 1371 1162 quin

408 1178 651 1284 xpotius,illa
673 1212 762 1278 opus
784 1194 900 1278 habere
926 1209 1072 1278 ternpore
1104 1209 1135 1259 et
1164 1193 1370 1276 superiorum

428 1311 651 1391 auctoritate3
699 1322 853 1374 nostrum
879 1322 1009 1388 autern,
1034 1309 1148 1375 finon
1173 1308 1285 1388 aliud,
1309 1309 1370 1375 sal·

420 1407 490 1492 *tern
523 1423 663 1516 filorum
698 1423 880 1490 amicorum
911 1422 1053 1487 officium
1090 1419 1186 1508 posse
1223 1421 1390 1510 censeri3,

426 1541 525 1606 cuius
553 1517 627 1606 cunr
654 1538 716 1602 ianr
739 1537 912 1630 aliqualem
938 1533 1089 1600 effectum
1118 1527 1366 1619 praestolamur,

388 1661 392 1667 ’
424 1671 502 1718 ecce
534 1650 744 1716 Monasterio
782 1649 984 1728 nunciatur,
1033 1649 1080 1715 D.
1113 1648 1365 1732 D’Avausrum,

422 1763 560 1834 mobilia
587 1764 642 1830 sua
669 1763 716 1828 ibi
742 1775 999 1848 convagantenr,
1024 1762 1057 1826 in
1081 1762 1261 1846 procinctu
1284 1783 1365 1846 pro·

423 1880 582 1948 iectionis
616 1878 717 1958 stare3
764 1877 802 1940 de
830 1896 894 1958 qua
917 1895 951 1941 re
976 1876 1133 1940 certiores
1159 1873 1263 1959 facti,
1294 1897 1363 1944 cer-

418 1991 600 2077 nentesque
622 2011 712 2072 eam,
735 1991 758 2058 sr
780 1989 918 2056 effectus
938 1989 1093 2070 daretur,
1114 1992 1238 2057 trahere
1255 1989 1363 2060 secum

374 2129 376 2136 ·
419 2127 488 2176 non
514 2108 669 2191 exiguum
689 2104 833 2185 publicae
858 2099 903 2168 re'i
932 2103 1182 2187 praeiudicium,
1208 2124 1275 2170 non
1299 2099 1375 2189 po-¹

419 2223 548 2290 tuimus
571 2219 808 2298 intermittere,
834 2217 915 2300 quin
931 2217 1033 2283 Dom.
1052 2218 1182 2286 Vestrae
1203 2219 1360 2286 scribere·

420 2355 519 2415 mus,
544 2345 721 2417 rogantes,
747 2347 786 2397 ut
813 2333 879 2411 qua
908 2331 1015 2412 pollet
1041 2329 1257 2414 dexteritate,
1282 2351 1360 2415 pro·

418 2449 549 2518 ceribus
575 2445 714 2514 Consrlii
736 2446 899 2528 Aulaeque
919 2443 1082 2524 Gallicae,
1107 2447 1226 2510 nostro
1254 2447 1359 2513 nomi·

417 2585 480 2646 ne,
513 2561 598 2628 illud
628 2579 724 2642 quam
747 2556 993 2645 diligentissime
1018 2559 1243 2642 repraesentet:
1290 2580 1361 2630 non

420 2677 512 2762 quod
538 2675 677 2740 velimus
708 2691 770 2738 nus
801 2673 980 2737 immiscere
1007 2672 1148 2754 privatis
1181 2675 1263 2758 saepe
1297 2695 1358 2742 no·

415 2792 617 2860 minutorum
641 2789 844 2872 legatorum,
877 2789 922 2853 l).
942 2786 1125 2854 D'Avausri
1158 2805 1189 2856 et
1214 2791 1260 2857 D.
1280 2790 1355 2858 Ser·

416 2901 544 2986 vienti,
569 2899 825 2982 controverfiis3
863 2902 970 2966 multo
998 2901 1125 2980 minus,
1154 2917 1192 2968 ut
1216 2923 1279 2970 nos
1304 2907 1356 2972 in·

416 3037 565 3108 geramus
588 3015 735 3101 propriis
761 3014 864 3100 Regis
889 3014 1162 3083 christianissimi
1184 3019 1355 3104 negotiis,

412 3137 467 3200 vel
491 3132 700 3215 praescribere
725 3141 886 3194 tentemus
912 3147 970 3196 eos
993 3130 1096 3194 Viros
1125 3150 1266 3213 quorum
1295 3133 1357 3200 rni-

412 3248 554 3316 nisterio
580 3247 634 3312 hic
668 3243 719 3308 uti
751 3245 942 3310 conveniat.
1011 3244 1131 3310 Saltem
1157 3245 1354 3332 fignificasse

358 3424 361 3431 .
412 3363 609 3441 debuimus,
644 3362 744 3442 paulo
776 3357 1091 3440 intempestiviorenr
1126 3377 1213 3424 nunc
1244 3359 1353 3428 videri

410 3472 631 3549 illustrissimi
658 3475 712 3560 D„
730 3472 876 3540 Comitis
903 3470 1088 3554 D'nAvausri
1115 3473 1347 3542 dimissronem.

412 3591 520 3666 Nam,
546 3586 659 3670 quiin
687 3585 812 3652 solenni
837 3587 900 3649 hoc
927 3601 1004 3652 actu
1032 3590 1223 3670 cumprimis
1251 3591 1352 3672 respl-

412 3701 520 3768 ciendi
538 3699 636 3779 sunt,
658 3699 800 3765 Romani
811 3698 942 3784 Imperii
952 3700 1118 3783 Ordines,
1145 3703 1244 3767 toties
1263 3703 1350 3789 Reg-

412 3834 530 3882 norum
567 3814 674 3880 literis
703 3812 744 3886 ad
776 3813 858 3899 loca
885 3828 1085 3882 tractatuum
1118 3817 1274 3897 invitati,
1315 3831 1349 3883 et

405 3948 501 4003 ¹nunc
522 3947 638 4016 magno
657 3944 816 4010 numero,
841 3927 1044 4024 maiorique,
1070 3949 1167 4014 quarn
1187 3932 1350 4011 antehac,

1291 4043 1346 4126 spe
1418 4065 1423 4074 ·
