3030 5102
435 429 480 496 26
574 405 917 491 HUGONIS
963 409 1240 488 GROTI'l
1337 407 1379 448 ’-

309 640 314 645 .
437 591 687 676 Danielspilio.
755 588 794 653 lli
824 588 947 674 Anglia
974 587 1100 659 dicitur
1135 592 1226 659 filius
1260 595 1374 666 minor

437 707 586 778 comilis
614 702 799 772 Bristovici
824 700 967 770 obsidere
995 707 1229 773 Plelmuthum.
1291 712 1374 778 Vidi

439 831 520 892 mox
545 820 727 906 Reginam
753 820 939 904 gratulatus
966 819 995 884 ei
1023 819 1091 885 sum
1118 822 1156 886 de
1183 823 1375 892 valetudine

439 940 588 1006 meliore.
623 934 777 1019 Rogavi,
795 947 813 999 a
829 931 999 998 Benleldio
1018 935 1159 1002 auferret
1170 938 1376 1020 exercitum,

438 1064 571 1137 augeret
595 1064 629 1114 et
659 1064 750 1114 trans
776 1047 927 1112 Rhenum
955 1047 1122 1130 mitteret3
1169 1049 1306 1134 deinde,
1334 1071 1375 1121 ut

439 1168 567 1251 legatos
594 1163 634 1228 ad
658 1178 769 1250 pacem
798 1181 894 1244 quam
918 1164 1056 1228 maxime
1081 1184 1259 1248 properare
1282 1167 1375 1232 iube·

439 1299 511 1361 rer,
535 1297 639 1363 neque
658 1293 781 1344 nostrae
797 1277 894 1368 ⁴parti
914 1279 1022 1360 culpae
1040 1278 1258 1346 adscribatur.
1292 1281 1373 1348 Non

379 1407 386 1420 '
440 1413 568 1462 tantum
601 1397 671 1461 haec
703 1392 865 1458 facturam
897 1391 934 1473 se·
961 1392 1068 1473 dixit,
1102 1391 1154 1458 sed
1183 1409 1215 1459 et
1246 1393 1372 1478 facere,

440 1531 545 1598 aeque
571 1509 658 1576 bello
681 1506 816 1574 sortiter
846 1506 986 1592 gerendo
1009 1506 1047 1572 ¹le
1079 1505 1289 1592 defuturam,
1321 1532 1374 1578 ne·

364 1613 366 1617 ’
442 1645 505 1710 que
528 1627 624 1692 bonae
648 1622 737 1707 paci.

1266 1732 1346 1780 xvn

691 1764 817 1847 Accepi
839 1761 951 1830 literas
973 1763 1058 1831 Exc.
1078 1766 1124 1833 V.
1150 1767 1242 1833 datas
1267 1805 1369 1815 --
1502 1819 1503 1824 ,

784 1880 787 1884 ,
1267 1839 1373 1888 xxvrr

650 1905 853 1993 Septembris
897 1907 1085 1994 gratiasque
1123 1907 1263 1978 summas
1295 1929 1390 1992 ago„

651 2025 717 2093 Pro
739 2021 893 2104 responso
915 2039 1012 2088 erunt
1033 2042 1115 2104 quae
1134 2023 1245 2108 scripsi
1263 2023 1371 2108 supra.

651 2135 898 2220 Chavigniacus
925 2137 1005 2201 bene
1026 2141 1128 2212 valet.

876 2327 948 2400 Vl.

495 2516 499 2523 “
536 2505 788 2578 IOHANNI
833 2505 1280 2574 OXENSTIERNAE.

520 2723 526 2732 ·
600 2705 891 2774 Iaausaaussma
914 2707 1084 2776 Doanrre!

480 2801 652 2961 Scripsst
672 2879 717 2948 D·
731 2873 917 2946 Davausrus
935 2879 1072 2964 Reginae
1091 2877 1231 2964 Regenti
1244 2926 1257 2959 ‚,
1273 2877 1374 2945 adre·
1500 2945 1501 2972 ¹

439 2993 614 3068 llclenrlum
632 2991 839 3072 exercitum,
862 2994 921 3074 qui
944 2993 1103 3059 disiectus
1127 2993 1167 3059 ad
1183 2994 1374 3062 Danubium

436 3111 525 3191 fuit,
549 3107 701 3194 pecuniis
728 3107 854 3190 magnis
876 3124 985 3190 opus,
1011 3127 1092 3190 quas
1111 3110 1175 3178 fine
1195 3109 1301 3190 plebis
1326 3109 1376 3174 in·

437 3221 615 3291 commodo
632 3221 767 3306 reperiri
780 3221 876 3306 posse
894 3222 980 3304 apud
998 3240 1079 3303 eos,
1104 3224 1161 3306 qui
1178 3225 1211 3287 in
1228 3223 1376 3289 functio-

434 3339 535 3407 albus
562 3336 710 3420 publicis
736 3338 912 3422 plurimum
935 3325 1040 3400 essent
1060 3337 1206 3420 lucrati3
1237 3338 1289 3428 le,
1315 3337 1374 3419 qul

434 3453 475 3519 ele
508 3453 649 3537 publico
683 3450 727 3515 rei
761 3469 828 3516 non
862 3450 1003 3518 multum
1037 3445 1189 3531 fecisset,
1221 3467 1371 3533 paratam

359 3553 364 3562 ’
432 3566 501 3635 esse
534 3560 575 3632 ad
607 3565 781 3650 praesenles
815 3564 1023 3631 necessitates
1057 3565 1208 3630 conferre
1239 3582 1372 3630 centum

433 3683 536 3749 millia
554 3681 780 3762 sturnorum,
805 3683 883 3746 dum
906 3678 962 3744 alii
988 3693 1140 3762 prorata
1167 3694 1259 3763 parte
1282 3679 1372 3764 regni

435 3815 487 3862 ras
514 3798 684 3880 adjuvent.
732 3795 813 3862 Haec
833 3793 1036 3874 liberalitas,
1055 3787 1255 3877 popularior
1277 3812 1372 3875 quam

429 3912 571 4000 praesens
600 3914 674 3978 aula
705 3911 777 3994 pari
809 3908 939 3994 poslit,
971 3927 1035 3996 pro
1064 3908 1169 3995 gratia
1202 3907 1314 3976 odium
1340 3909 1371 3973 ei

1297 4020 1370 4088 red·
