3030 5102
227 411 230 418 “
332 423 623 494 aeteruum
668 419 935 535 mmmmm
1059 439 1098 506 n

586 619 675 684 Vll.

263 767 508 893 torremur
554 777 989 896 oxums'rtuaum.

329 1050 619 1120 latusrttrsarmu
642 1045 815 1122 Douma!

201 1200 350 1348 Varia
368 1277 444 1342 sunt
473 1274 594 1340 iudicia
614 1290 647 1339 et
668 1273 807 1342 affectus
831 1273 914 1350 varii
938 1274 1033 1356 super
1058 1274 1093 1344 ra

158 1405 270 1470 lanta,
295 1390 403 1473 qualis
434 1405 486 1456 est
513 1389 657 1478 irruptio
688 1407 880 1460 nostrorum
911 1388 944 1454 in
975 1388 1092 1464 Holsa·

158 1507 260 1586 tiam,
284 1506 403 1573 lutiam
428 1519 460 1570 et
490 1506 562 1570 loca
589 1504 713 1570 uicina.
781 1503 882 1586 Angli
909 1504 1091 1590 Parlamem

158 1621 233 1684 tarii
258 1620 368 1692 laetius
397 1623 484 1688 lruuc
515 1619 670 1687 nuntium
700 1615 874 1698 actepere,
899 1636 995 1698 quam
1019 1617 1092 1684 Rex

155 1749 188 1800 et
224 1732 342 1818 Regii,
389 1735 447 1816 qni
481 1733 555 1800 inde
594 1734 716 1806 maiora
752 1746 783 1794 et
818 1731 959 1796 certiora
994 1751 1092 1813 quam

156 1846 287 1910 aliunde
311 1849 432 1916 auxilia
456 1847 699 1931 exspectabant.
746 1845 882 1926 llatavi,
906 1859 944 1910 ut
970 1864 1092 1911 merca·

156 1976 247 2026 tures
275 1960 401 2040 solent,
433 1981 472 2028 ex
505 1963 624 2046 quavis
654 1958 825 2028 occastone
852 1962 982 2028 lucrum
1014 1978 1090 2042 cap·

156 2090 286 2154 tantas,
311 2078 432 2140 vellent
449 2075 568 2159 Regem
589 2075 703 2148 Dauiae
724 2094 762 2141 eo
785 2075 893 2159 adigi,
918 2089 955 2140 ut
976 2089 1089 2154 arces,

156 2189 328 2270 compedes
349 2187 424 2258 freti
444 2188 636 2270 omunia,
662 2187 740 2272 ipsu
761 2187 997 2260 custodiendas
1023 2201 1090 2250 tra·

155 2300 236 2380 dat,
282 2302 384 2368 donec
427 2305 476 2370 hre
513 2306 667 2386 procellae
702 2302 920 2368 desaevierint.
997 2300 1090 2368 Galli

154 2435 235 2498 vero
263 2415 340 2480 latis
368 2433 477 2499 aperte
513 2417 694 2482 ostendunt
719 2419 787 2482 haec
811 2414 870 2480 stbi
893 2414 1088 2496 displicere,

153 2532 271 2613 partim
295 2531 385 2611 quod
405 2544 571 2610 metuant,
595 2547 655 2608 ne,
684 2529 780 2594 armis
803 2527 989 2593 suedorum
1017 2547 1091 2594 ver·

137 2622 196 2710 ¹fis
221 2643 253 2709 in
280 2656 389 2724 partes
410 2641 767 2724 septentrionaliores,
793 2640 917 2724 quibus
934 2653 966 2704 et
988 2658 1091 2722 quau·
1173 2671 1178 2682 *

154 2760 199 2824 tis
229 2758 267 2822 de
289 2755 391 2824 caulis
417 2755 477 2841 ipsa
500 2775 566 2832 non
594 2771 733 2836 curant,
765 2756 851 2822 vires
874 2756 1087 2837 Imperatoris

153 2886 186 2937 et
217 2870 358 2951 invni,
392 2869 480 2936 forte
507 2886 539 2936 et
564 2871 729 2954 Hispani,
770 2871 847 2938 dum
874 2871 1010 2963 Batavi,
1048 2871 1088 2940 de

154 2986 251 3050 terris
276 2985 438 3064 solliciti,
466 3003 572 3064 mare,
604 2985 690 3052 unde
714 2984 918 3068 Respublica
943 2985 1090 3068 ipsorum
1150 3063 1162 3084 x

154 3111 330 3178 nataest,
366 3098 508 3179 cupiunt
538 3081 769 3178 stbi'servare‚
800 3099 833 3162 in
864 3099 1007 3166 Galliam
1040 3100 1090 3164 iu·
1163 3082 1171 3094 ’

153 3212 323 3278 cumbunt.
379 3212 538 3278 Praeterea
561 3210 739 3300 Resrdeus,
765 3213 822 3298 qui
841 3214 895 3284 hic
914 3226 1001 3280 esta
1022 3213 1092 3280 Po·

154 3326 263 3406 lunia,
284 3324 409 3408 pridem
435 3326 470 3392 id
494 3327 584 3413 agit,
610 3343 646 3394 ut
667 3347 724 3414 per
741 3329 949 3403 cardinalem
972 3328 1088 3398 Maza·

154 3439 285 3519 tinum,
315 3440 454 3508 amicum
484 3457 644 3524 veterem,
678 3443 713 3509 id
738 3443 847 3519 Gallis
875 3444 1088 3527 persuadeat,

155 3553 338 3618 Suedorum
377 3575 512 3641 magnos
549 3558 723 3642 processus
763 3576 831 3622 uon
863 3559 931 3622 esse
964 3576 1003 3622 err
1036 3556 1089 3638 ip·

153 3666 263 3732 sorum
299 3686 355 3748 re;
409 3671 507 3735 cuius
542 3671 586 3734 rei
620 3671 681 3740 iam
715 3673 839 3756 pridem
872 3688 983 3754 magna
1015 3668 1085 3737 vidi

154 3779 297 3860 indicia;
356 3801 453 3862 quare
485 3784 583 3872 laudm
610 3785 815 3869 prudentiam
844 3783 890 3847 ita
918 3783 1088 3868 benignam

153 3893 248 3975 aliis,
281 3908 319 3962 ut
347 3893 406 3986 irbi
437 3897 560 3965 credita
591 3897 733 3980 primum
760 3899 839 3966 bene
868 3911 991 3981 portat,
1022 3898 1087 3970 hoe
1193 3889 1195 3896 ’

1007 4028 1091 4090 prae·
