3050 5096
242 477 247 488 ⁴
280 452 429 524 EPIST.
454 467 501 520 nu
527 453 570 518 D.
599 446 992 518 CERISANTEM.
1040 468 1102 535 erg
1144 454 1146 469 “

160 627 224 692 erit
258 625 465 692 numerosum
495 623 587 690 suurn
616 619 778 685 militensi
833 617 982 686 Retineri
1015 620 1101 688 idem

97 815 103 828 ,
161 760 250 820 non,
269 738 335 806 sane
352 758 468 826 magno
486 739 557 803 eius
581 735 831 816 vicinarumque
851 723 1101 828 prouinciarum

153 839 280 936 onere,
298 869 330 919 et
348 853 540 936 suspicione
557 849 778 918 federttorum
789 848 1000 936 Regnorum,
1017 869 1098 935 pos-

158 968 218 1034 set.
267 965 326 1034 Sin
343 986 424 1034 vero
438 979 650 1032 exauctorare
668 964 806 1030 eundem
824 965 991 1045 voluerit,
1010 965 1100 1032 haud
1147 1049 1150 1054 ‚

157 1081 258 1146 dubie
288 1059 501 1162 caesariana,
544 1097 612 1144 uon
646 1092 769 1142 nostrae
805 1079 913 1161 parti,
951 1079 1096 1144 accedet.

159 1195 372 1280 Quocunque
402 1213 483 1279 ergo
518 1193 617 1257 modo
660 1191 855 1258 Bavarirum
893 1195 1117 1286 postulatum

156 1309 420 1386 versaveriuaus‚
445 1305 701 1388 deprehenditur
727 1305 916 1372 insrdiosum
944 1322 976 1371 et
1004 1309 1096 1372 intua

157 1439 243 1489 tum.
306 1422 421 1500 Atque
449 1417 522 1484 ideo
541 1439 564 1484 a
587 1419 698 1484 Gallia
726 1437 813 1484 nunc
838 1421 954 1486 merito
978 1439 1098 1502 expec-

157 1549 267 1600 tamus
294 1534 508 1613 validiorem,
534 1551 630 1616 quam
654 1534 812 1613 antehae,
838 1553 999 1599 armorum
1026 1551 1098 1596 mo·

156 1650 279 1716 tionem
303 1662 422 1713 contra
447 1644 640 1725 Bavariam,
663 1661 717 1725 et,
741 1647 764 1712 st
784 1645 854 1711 fieri
868 1661 1003 1730 potest,
1028 1665 1097 1712 non

158 1762 407 1828 translationem
431 1760 466 1826 in
487 1759 710 1826 haereditarias
734 1761 992 1826 Austriacorum
1017 1781 1097 1842 pro·

155 1876 304 1942 vincias:
352 1888 392 1940 ut
416 1874 463 1938 ita
483 1873 616 1938 videant
645 1873 794 1940 Bararus
819 1875 966 1956 aliique,
989 1874 1092 1939 fedari

154 1989 332 2058 dissuendo
365 1987 601 2065 illaborantes‚
638 1985 668 2050 se
692 2000 725 2052 et
749 1999 879 2070 tempus
906 2003 939 2052 et
964 2006 1096 2070 operam

153 2103 308 2194 perdere,
333 2100 422 2184 apud
447 2115 511 2165 tarn
536 2098 622 2165 fidos
653 2114 687 2165 et
718 2100 902 2166 constantes
929 2120 1095 2168 armorum

153 2195 434 2300 consalioruuupue
457 2213 582 2281 socios.
629 2213 705 2280 Hoc
733 2215 838 2300 ipsum
870 2215 961 2297 quod
982 2213 1096 2297 requi-

151 2333 282 2426 timus,
321 2325 522 2395 non'rnodo
556 2328 659 2395 sederi
690 2344 742 2394 est
775 2330 1000 2409 conueniens,
1042 2328 1096 2394 sed

134 2441 323 2531 promissas
347 2441 465 2520 etiam,
507 2440 639 2522 prolixe
670 2440 750 2508 adeo
774 2439 873 2504 sactis
899 2443 944 2506 D.
965 2443 1095 2508 Mares·

153 2558 240 2623 callo
261 2552 519 2632 Torstensonio‚
544 2566 576 2616 et
600 2552 698 2617 nobis
721 2553 774 2618 laic
803 2553 963 2620 uberrime
988 2555 1094 2622 decla-

149 2671 256 2750 ratis,
280 2688 339 2752 per
355 2669 399 2733 D.
411 2667 571 2732 Batonem
582 2666 832 2736 Anemurium„
864 2667 911 2734 D.
934 2666 1093 2736 Torsten-

150 2784 292 2862 sonius,
324 2779 430 2846 fretus
453 2781 633 2848 certisfima
658 2780 841 2847 Galliarum
867 2779 1092 2864 uiscesfione,

149 2918 216 2966 rem
247 2898 344 2982 longe
377 2893 622 2976 difficillimam,
658 2891 877 2962 Caesarianunr
909 2898 1091 2963 exereitum
1156 2955 1158 2960 .

150 3013 186 3078 in
210 3011 288 3096 ipsas
307 3008 449 3078 Caesaris
468 3009 678 3095 provinciis,
698 3009 870 3096 aggressus
894 3024 966 3090 est,
1000 3025 1093 3085 eum·

150 3143 215 3206 que
250 3120 318 3188 non'
355 3121 454 3188 modo
483 3139 597 3204 aperto
623 3123 732 3189 Marte
760 3121 871 3202 fudit,
902 3122 955 3187 sed
990 3125 1093 3192 etiarn

147 3236 349 3332 infiguiilla
383 3235 527 3301 victoria
549 3233 651 3318 usus,
678 3235 712 3300 in
747 3238 942 3318 Austriam,
977 3241 1091 3322 quoad

148 3351 219 3430 fieri
241 3364 377 3439 potest,
406 3350 467 3416 iam
492 3348 715 3434 persequitur.
760 3351 888 3420 Interea
913 3353 1092 3422 Caesariani

148 3461 269 3530 defensa
303 3464 482 3546 Danubio,
531 3465 573 3528 et*
597 3463 765 3548 suppetias
800 3467 923 3535 serente
960 3469 1089 3536 Bavaro

149 3578 311 3662 aliisque,
354 3595 460 3642 rerum
503 3577 638 3646 suorum
679 3560 852 3667 satagunt,
891 3584 1087 3668 colligentes

149 3691 352 3772 exercitum,
383 3692 558 3774 maiorem,
593 3714 688 3776 quam
714 3691 804 3772 fuit,
826 3695 893 3776 :qui
916 3673 952 3760 in
973 3680 1086 3781 supra·
1161 3723 1167 3734 ·

146 3807 315 3873 nominato
334 3807 456 3889 proelio
476 3799 675 3890 comparuit.
721 3807 825 3894 Quod
846 3809 869 3875 st
893 3829 972 3896 ergo
993 3814 1085 3879 lento

145 3920 249 4006 gradu
280 3919 380 3990 iverit
412 3921 458 3990 D.
476 3920 696 3992 Marescallus
725 3921 763 3990 de
792 3921 991 4009 Tourenne,
1027 3928 1087 4105 i{rel

597 4030 631 4104 H
861 4065 863 4074 r
1056 4057 1090 4103 a·
1134 4040 1136 4044 ’
