3030 5102
262 330 308 354 ”
418 349 1224 505 anuoonrsoaorm

311 568 314 574 '
422 557 512 642 glum
541 559 662 624 nititur
688 560 772 626 inter
799 561 972 627 Ducissam
1000 563 1267 646 Esquillonlam‚
1305 565 1369 628 cu‘-

373 661 377 669 ⁴
423 671 478 738 ius
499 671 670 754 invidiosae
693 673 768 739 lunt
791 695 896 757 opes,
920 653 960 740 et·
975 677 1141 743 Comitem
1167 677 1364 754 Brionlum,

424 788 483 868 qui
516 787 548 851 in
581 787 684 879 gratia
712 805 763 853 est
791 789 880 870 apud
914 788 1177 854 Aurelianenlem
1209 790 1360 855 Ducema

422 897 599 982 effecitque
631 917 668 968 ut
697 903 913 984 Esquillonia
933 903 1071 966 admissa
1095 901 1132 968 stt
1154 902 1195 967 ad
1218 902 1364 967 salutan-

400 1013 495 1107 ¹(lam
512 1013 690 1100 Reginam,
708 1035 739 1080 et
758 1014 1001 1082 Aurelianensis
1025 1033 1174 1080 uxorem.
1192 1032 1194 1034 ·
1220 1013 1369 1080 Praefec-

424 1140 501 1192 tura
526 1131 697 1195 Arvernlae
724 1129 801 1195 duci
831 1128 1055 1194 Aurelianenst
1076 1129 1202 1194 reddita
1231 1147 1306 1208 est,
1329 1140 1367 1193 et

421 1240 585 1308 decretum
616 1263 653 1309 ea
686 1245 725 1309 de
750 1259 790 1309 re
820 1244 955 1308 relatum
982 1245 1015 1308 in
1046 1259 1121 1308 acta
1152 1242 1363 1324 parlamenti.

423 1355 557 1444 Visunt
592 1357 659 1429 dux
698 1373 730 1422 et
762 1372 848 1422 uxor
884 1359 955 1420 eius
988 1359 1022 1422 in
1062 1358 1201 1424 Palatio¹
1224 1356 1364 1440 Reginae

360 1505 361 1508 ¹
424 1471 589 1560 quondam
613 1473 748 1551 matris,
773 1469 863 1555 quod
889 1471 1191 1557 Luxemburgicum
1217 1473 1366 1552 dicitur3

327 1571 333 1588 ⁴
426 1585 505 1648 duci
531 1583 689 1649 Bulionio
713 1604 775 1666 pro
806 1571 1185 1666 Seduno'compensatio
1209 1585 1368 1653 offertur.

428 1695 525 1765 Fama
550 1712 602 1762 est
628 1712 805 1763 venturum
833 1700 898 1764 huc
924 1685 1039 1764 ducem
1060 1699 1218 1765 Carolum
1245 1698 1303 1763 sub
1328 1697 1369 1764 fi·

426 1813 466 1877 de
491 1813 587 1877 ducis
607 1811 880 1880 Aurelianensrs.'
913 1811 1039 1898 Regina
1060 1813 1190 1898 Regens
1214 1810 1366 1895 promisit

426 1927 697 1994 protestantibus
720 1927 820 1992 huius
841 1925 948 2012 Regni
973 1927 1059 1992 salva
1077 1924 1149 1990 fore
1176 1944 1258 2008 quae
1274 1937 1365 1990 anre·

425 2043 487 2108 hac
524 2038 612 2105 facta
640 2039 729 2104 laete
763 2041 890 2105 edicta:
937 2040 1036 2123 idque
1065 2039 1095 2105 se
1119 2039 1365 2122 publicaturum

427 2157 565 2221 relatum
590 2154 685 2234 prius
713 2155 745 2218 in
768 2155 965 2220 Parlamenti
991 2168 1075 2220 acta.
1110 2203 1112 2210 a
1146 2153 1305 2220 Creditur
1330 2166 1364 2216 et

427 2268 643 2334 imminututa
667 2287 764 2333 onera
785 2267 857 2333 salis
888 2286 920 2332 et
944 2269 1037 2348 vini,
1062 2281 1101 2333 ut
1121 2269 1210 2351 plebi
1237 2268 1362 2351 grauia.

335 2414 340 2422 ¹
370 2415 372 2424 v
428 2385 540 2450 Melos
561 2379 747 2466 quindecim
767 2382 936 2447 hominum
957 2382 1058 2447 millia
1078 2381 1195 2446 habere
1217 2381 1363 2460 dicitur;

427 2500 510 2567 Dux
537 2495 734 2589 Attguianus
764 2496 844 2586 plus
871 2499 1008 2578 paulin,
1042 2511 1075 2561 et
1099 2495 1282 2580 exspectare
1310 2513 1365 2558 ac‘·

431 2609 609 2678 cessiones.
666 2609 838 2691 Principes
865 2611 968 2676 Italiae
998 2629 1103 2692 prope
1128 2629 1241 2675 omnes
1270 2610 1367 2691 Papae

430 2722 656 2808 significarunt
673 2721 723 2802 se,
749 2722 808 2786 nist
824 2743 889 2786 rem
915 2742 989 2787 cum
1007 2724 1166 2790 Parmensr
1182 2724 1366 2804 transigat,

429 2836 670 2918 tranquillitati
705 2835 809 2900 Italiae
843 2855 908 2899 non
942 2835 1132 2901 defuturos.
1205 2838 1364 2917 Princeps

428 2969 537 3019 autem
552 2949 723 3030 Thomas,
744 2969 826 3015 cura·
841 2951 879 3043 de
896 2969 968 3015 arce
979 2949 1173 3017 Dertonenst
1189 2967 1246 3015 aut
1264 2949 1367 3014 omis·

430 3067 462 3133 sa
486 3081 542 3130 aut
569 3063 762 3147 desperata,
795 3065 827 3130 in
861 3067 973 3133 urbem
1005 3057 1097 3131 venit
1124 3065 1369 3130 Taurinorum.

325 3189 327 3196 ⁴
430 3180 502 3247 haec
519 3176 649 3242 interim
667 3181 822 3246 habemus
842 3180 918 3244 dum
937 3199 1042 3243 novas
1064 3197 1115 3242 res
1134 3179 1276 3259 parturit
1295 3181 1367 3244 haec

430 3299 519 3359 aulae
574 3297 686 3372 Dens,
702 3293 926 3356 lllustrislrme
947 3291 1097 3371 domine,
1117 3291 1247 3358 Excell.
1275 3306 1366 3360 tuam

430 3407 464 3473 in
489 3409 660 3489 prosperis
685 3408 782 3470 rebus
808 3406 866 3469 diu
895 3405 999 3468 servet

430 3539 549 3594 xxvttt
574 3521 657 3587 Maii
941 3518 1155 3586 Excellentiae
1173 3535 1241 3589 tuae
1256 3519 1368 3585 addit*

433 3613 658 3644 --—--—†.-
673 3576 923 3641 ctutocrtuttl,
978 3633 985 3648 ,
1223 3635 1230 3649 ,

493 3648 534 3698 vr
566 3629 656 3700 Iumt
960 3631 1371 3703 ttsstmusdevotrssrmus·

958 3769 1027 3837 ¹que
1046 3752 1158 3818 cultor

1023 3866 1071 3932 ll.
1096 3866 1324 3934 Gnosius.

1310 3976 1371 4044 Vi·
