3014 5098
456 409 501 475 in
603 405 948 504 nunonis
993 411 1309 500 nito-nii,

459 579 617 664 quaginta
644 586 746 650 millia
769 587 1014 666 Florenoriini‚
1043 581 1175 669 equites
1201 567 1407 664 sexcentos,

344 784 346 793 ¹
459 698 684 774 quatermille
708 701 838 764 modios
861 699 1033 767 frumenti.
1087 700 1187 766 Varie
1214 699 1268 764 hic
1297 695 1408 762 disse·

378 819 380 826 '
458 807 547 874 ritur
577 810 616 875 de
645 813 769 894 milite,
801 833 896 898 quein
930 801 1228 879 scribere'dicitur
1259 812 1408 902 Elector
1488 789 1489 850 ἦ

456 919 762 1011 Biandeburgicusa
837 929 952 1008 Deus,
986 927 1208 996 illustrissimi
1239 926 1406 1006 Domini,
1488 965 1489 1034 ἦ

456 1037 677 1106 Excellentiis
696 1043 827 1107 Vestris
855 1043 909 1106 det
935 1042 1045 1107 omnia
1064 1061 1239 1126 prospera.
1295 1043 1405 1108 Lute-

460 1172 516 1238 tiae
544 1143 764 1300 ffx-{lanuarii
780 1193 1008 1256 ciiiociiv.
1084 1176 1087 1182 ’

971 1293 972 1296 ¹
1026 1319 1114 1387 Exc.
1139 1317 1274 1383 Vestris

882 1443 884 1450 '
903 1431 1317 1531 inserviteafparatissimus

1036 1545 1091 1626 H.
1128 1548 1357 1636 Gnosius,

501 1729 584 1804 Vidi
608 1745 640 1798 et
665 1735 790 1801 Ducem
815 1732 1046 1824 lingularum:
1090 1732 1220 1798 laborat
1244 1731 1299 1798 ille
1325 1731 1403 1814 qni·

457 1847 552 1930 dein,
586 1862 624 1914 ut
654 1849 821 1916 exercitus
848 1850 902 1915 ille
927 1861 1105 1934 augeatur,
1140 1849 1182 1914 ad
1210 1867 1305 1932 quein
1332 1847 1401 1928 ipse

403 1989 405 1996 ’
456 1961 570 2028 iturus
599 1977 672 2044 est,
705 1962 856 2029 sedante
882 1962 1005 2028 menses
1034 1963 1123 2030 duos
1150 1953 1218 2026 nbn
1243 1974 1340 2050 putat
1365 1960 1401 2024 id

456 2077 611 2142 effectum
635 2078 700 2159 iri;
746 2089 778 2140 et
803 2079 844 2144 sic
873 2076 1004 2143 censent
1031 2092 1064 2142 et
1090 2075 1161 2142 alii.
1223 2075 1339 2142 Motta
1364 2073 1399 2140 in

455 2190 678 2277 Lotharingis
707 2205 773 2256 tani
805 2193 877 2258 laxe
911 2189 1184 2271 circumsident,
1209 2202 1257 2255 nt
1285 2189 1398 2256 aditus

457 2295 636 2388 exitusque
665 2306 772 2373 adhuc
802 2305 865 2372 sint
892 2307 1003 2372 liberi.
1070 2305 1109 2371 In
1135 2303 1306 2371 Britannia
1330 2305 1400 2370 Ar·

376 2410 378 2414 ’
455 2420 583 2486 morien
605 2420 748 2488 Ordines
783 2421 945 2488 habentur
973 2419 1089 2487 Sancti
1119 2419 1328 2500 Andomari,
1365 2432 1400 2486 et

456 2536 610 2601 locorum
654 2534 851 2602 vicinorum.
883 2533 1032 2619 praesi'dia
1077 2549 1194 2600 auxere
1235 2534 1396 2618 Hispani.

454 2650 565 2717 Ducis
584 2650 826 2716 Aurelianensis
842 2669 949 2733 uxor,
973 2650 1055 2717 salso
1074 2665 1247 2734 praegnans
1270 2647 1397 2716 credita

455 2764 615 2842 antehae,
661 2765 780 2829 iteruin
814 2784 903 2842 nunc
943 2765 1090 2830 creditur
1127 2778 1257 2829 uterum
1297 2761 1396 2828 serre.

455 2875 634 2961 Leguntur
652 2878 775 2944 milites
795 2879 829 2944 in
852 2880 989 2945 Ducatu
1007 2875 1228 2962 Burgiindiae'‚
1253 2880 1287 2944 in
1305 2878 1398 2944 Lan·

453 2991 617 3074 giiedocia
645 2993 838 3062 Provincia.
904 2993 1063 3078 Princeps
1087 2983 1335 3060 Arausionensis
1362 3011 1396 3058 e-

454 3125 543 3190 quus
569 3105 655 3172 mist
684 3107 768 3194 Regi
793 3111 891 3195 longe
921 3109 1082 3192 optimos.
1121 3135 1124 3144 ·
1150 3107 1291 3190 Recepti
1317 3107 1396 3173 sunt

453 3222 595 3288 comitet
618 3237 746 3292 etcum
772 3225 890 3310 gratia.
952 3220 1197 3290 Parlanientarii
1222 3220 1324 3305 Angli
1349 3223 1395 3286 le·

451 3339 550 3422 'gatos
579 3337 613 3401 in
641 3339 788 3404 Sentiani
814 3339 952 3404 niittunt
976 3349 1010 3400 et
1038 3336 1212 3418 pecuniam
1245 3335 1285 3400 ad
1311 3334 1396 3400 Sco·

338 3519 340 3523 ,
450 3461 532 3530 tos,
558 3451 675 3534 quiin
700 3450 971 3518 Hiberniasunt.
1010 3524 1011 3528 Ἰ
1045 3449 1212 3517 Vesuvius
1236 3469 1331 3516 mons
1358 3450 1396 3517 in

450 3565 547 3632 Italia
571 3567 692 3650 incipit
717 3567 860 3632 flammas
883 3585 1033 3648 vomere,
1053 3566 1143 3651 quod
1166 3568 1243 3633 satis
1267 3585 1391 3632 ratuni.

450 3681 553 3762 Apud
572 3680 709 3747 Ilerdam
728 3681 896 3767 Hispani,
926 3683 979 3750 sed
1003 3701 1071 3751 nnn
1095 3683 1214 3766 multi,
1240 3702 1258 3748 a
1282 3681 1392 3749 Gallis

453 3796 600 3874 oppressi
625 3799 713 3862 sunt.
840 3791 843 3797 ’

1295 4023 1391 4094 XIX.
