3030 5102
433 433 475 550 d
568 399 1234 550 Huudursuuurm

366 625 368 630 ’
434 637 580 702 omniurn
603 639 772 702 nationum
798 635 831 701 in
857 656 896 701 eo
920 634 1026 713 verti,
1057 651 1096 697 ne
1130 651 1186 697 rex
1215 651 1303 698 uuus
1333 636 1374 700 dc

433 727 790 835 amitibusuectigalia
817 747 948 834 exigat,
981 731 1102 831 quanta
1132 749 1229 828 vult,
1253 749 1373 814 sortem

432 881 557 945 totam,
571 865 628 931 ubi
644 867 788 932 voluerit
800 866 1040 947 ‚absorpturat
1063 862 1192 928 Suedos
1211 881 1278 926 uon
1297 849 1378 928 alie-

431 997 494 1043 nos
521 964 593 1043 fdre
618 999 635 1045 a
662 959 862 1063 pace5du1u
888 979 1043 1044 securitas
1064 976 1141 1062 ipsis
1165 977 1313 1057 constet,
1338 989 1371 1040 et

431 1091 540 1159 federa
569 1096 734 1177 antiqua,'
754 1108 787 1159 et
812 1092 967 1179 gentibus
996 1091 1150 1156 omnibus
1181 1091 1372 1156 commercia

433 1227 507 1271 curn
527 1202 658 1274 Suedi's.
684 1207 802 1289 Dixit,
821 1205 964 1273 rem'srbi
982 1203 1077 1272 co'tdi
1091 1204 1177 1271 fore.
1209 1205 1370 1284 Addidit,

434 1334 547 1401 optare
577 1321 607 1386 se
636 1336 675 1388 ut
702 1323 909 1390 Cardinalem
940 1322 1087 1400 videam,
1123 1337 1227 1400 neque
1262 1319 1295 1382 in
1332 1337 1371 1382 eo

349 1523 350 1526 Ἴ
432 1433 603 1522 dignitatis
628 1437 696 1502 esse
718 1438 922 1520 periculum,
954 1435 1050 1520 posse
1077 1435 1160 1498 enim
1185 1453 1259 1499 eum
1289 1434 1373 1498 adiri

397 1529 415 1570 ¹·
431 1565 501 1613 non
516 1565 555 1615 ut
579 1551 810 1632 cardinalem,
824 1551 857 1614 id
876 1564 948 1630 est,
972 1549 1070 1633 Papae
1088 1545 1301 1627 assessorem,
1318 1546 1369 1634 sed

433 1678 472 1727 ut
494 1665 686 1730 ministrum
699 1665 833 1749 Reginae
850 1663 982 1729 Galliae.
1029 1663 1103 1745 Ego
1129 1679 1230 1740 uero,
1257 1680 1371 1742 quam-

435 1797 531 1858 quam
563 1778 602 1842 in'
624 1798 663 1843 eo
689 1777 762 1861 ip'so
789 1777 931 1843 viderem
962 1776 1169 1858 periculum,
1195 1776 1286 1856 quod
1314 1778 1373 1840 mi·

432 1893 538 1956 nister
561 1891 662 1976 Regis
689 1893 807 1982 Galliae
833 1894 959 1976 legatos
984 1875 1125 1954 aliorum
1152 1888 1279 1973 Regum
1303 1908 1371 1955 non

381 2028 390 2045 ⁸
433 2024 473 2070 ex
509 1997 823 2088 aequo'aspiceret,
872 2004 955 2070 nihil
987 2003 1077 2068 aliud
1111 2001 1371 2084 respondendum

249 2205 254 2212 ι
434 2119 535 2199 duxi,
569 2139 665 2202 quant
692 2139 790 2201 penes
829 2120 935 2184 meld
962 2117 1155 2197 muliare,
1189 2119 1375 2199 pariturum

333 2267 338 2276 ,
394 2209 483 2298 'me
505 2233 696 2314 praeceptis.
749 2233 1174 2314 PrincepsCondaeu3,ut
1192 2248 1243 2296 est
1264 2233 1373 2297 erudi·

322 2375 330 2400 ι
433 2346 617 2426 tus‚etiarn
634 2343 811 2410 sermonem
826 2342 942 2412 habuit
959 2347 997 2410 de
1014 2348 1107 2432 gravi
1124 2344 1373 2425 controversia,

434 2481 507 2542 quae
531 2477 618 2524 nunc
640 2449 805 2545 agitatur,
833 2462 866 2526 in
899 2481 995 2528 unam
1018 2477 1142 2544 partein
1171 2461 1222 2526 ab'
1239 2459 1370 2532 lestritis

432 2572 464 2637 et
485 2565 677 2655 monachu,
697 2577 730 2640 in
752 2578 885 2640 alteram
909 2575 946 2639 ab
963 2576 1156 2658 ¹Episcopis
1183 2557 1215 2638 et
1244 2574 1371 2641 Sorbo·

343 2707 346 2714 ·
413 2683 541 2768 uicis,
569 2694 665 2770 {uper
691 2689 808 2771 poenis
833 2690 1033 2756 Canonicis:
1060 2691 1127 2756 dixi
1143 2707 1232 2774 egr),
1255 2689 1301 2754 ita
1323 2705 1372 2751 me

430 2802 586 2866 arbitrari
612 2823 686 2870 cunr
716 2803 885 2870 cardinali
918 2802 1117 2883 Gropper0‚
1151 2821 1260 2866 veram
1294 2819 1373 2866 cau·

363 2937 366 2950 ·
431 2913 498 3013 sant¹
518 2913 665 2998 disfidii,
687 2937 753 2998 quo
769 2916 915 2983 Ecclesia
931 2915 1058 2981 divulsa
1074 2921 1146 2994 est,
1166 2915 1254 2995 esse,
1280 2911 1373 2997 quod

432 3031 522 3112 apud
552 3049 610 3094 eos
642 3031 701 3112 qui
725 3031 863 3096 Romani
898 3030 1075 3113 respiciunt
1102 3029 1280 3113 disciplina
1305 3029 1374 3095 Ec·

313 3146 331 3184 ⁸
432 3141 534 3208 clcsrae
562 3163 629 3208 non
657 3147 763 3212 laxata
791 3143 853 3226 fit,
883 3147 935 3210 sed
961 3150 1056 3229 plane
1083 3143 1259 3208 exstincta:
1302 3159 1371 3207 eam

430 3258 545 3323 debere
569 3257 716 3340 restitui,
747 3259 1035 3346 degradationibus
1063 3260 1096 3322 in
1120 3256 1310 3339 Episcopus
1335 3269 1370 3320 et

426 3373 647 3456 Presbyteros
673 3378 754 3441 male
775 3351 946 3454 viventes,
966 3370 1369 3438 excommunicationibus

427 3504 459 3552 et
486 3489 561 3554 aliis
588 3489 872 3556 satisfactionibus
896 3489 931 3552 in
948 3501 1039 3566 ¹eos,
1077 3487 1154 3568 qui,
1189 3506 1263 3552 curn
1290 3481 1368 3550 laici

289 3623 293 3636 ·
334 3662 335 3668 ,
427 3601 511 3682 sint,
549 3603 583 3668 in
619 3587 689 3669 ‘illis
736 3605 930 3668 criminibus
965 3601 1251 3685 deprehenduntur
1293 3617 1368 3680 quae

428 3718 644 3783 Christianos
675 3717 852 3784 dedecent:
899 3719 1016 3784 haere
1046 3732 1159 3782 curata
1180 3713 1370 3780 faciliorem·

425 3828 498 3895 fore
531 3834 618 3900 viam
648 3832 687 3898 ad
723 3829 952 3897 concordiam.
1001 3829 1209 3908 Obiicienti,
1242 3830 1366 3893 multos

425 3948 556 4015 nobiles
585 3947 680 4018 nihili
704 3944 855 4032 facturus
875 3945 1084 4035 disciplinam
1098 3939 1255 4013 Ecclesrae
1276 3961 1366 4021 eam,

1296 4075 1371 4136 quae

1377 32 1388 50 Q
