3030 5102
331 373 638 448 murs-roem
682 375 963 482 runo-rum.
1078 404 1122 472 47

183 552 321 625 rendunt
347 549 597 638 existimassem.
664 549 789 616 Vellem
816 551 856 616 de
880 551 1016 640 singuiis
1045 557 1124 626 rali-

182 673 247 738 bus
271 669 388 736 habere
413 666 606 750 praescripta
639 665 903 752 qualiaidgntos
935 668 1020 734 alios
1049 668 1119 736 scio

87 851 89 872 ,
181 781 345 852 habuisse.
406 781 493 850 Cum
517 797 586 845 noti
607 778 744 846 habeam
769 793 802 844 et
829 780 927 865 longe
952 779 1050 848 obstrn
1075 783 1116 850 ab

178 899 226 972 iis
254 915 394 980 quorum
420 895 455 960 in
482 913 530 960 me
557 907 708 976 potestas
737 907 811 974 est,
849 912 954 978 cogor
986 897 1121 964 interim

157 1011 255 1094 ipse,
276 1010 474 1076 constituere
506 1007 561 1088 id,
594 1009 686 1090 quod
711 1008 790 1074 mihi
809 1009 941 1076 videtur
970 1013 1119 1096 aequisii·

182 1145 286 1192 mum.
331 1123 436 1205 Apud
467 1122 624 1206 Reginam
650 1121 828 1206 Repentem
859 1123 929 1218 dixi
956 1143 1014 1209 er,
1044 1111 1119 1210 oum

179 1239 260 1306 mihi
287 1239 437 1306 iniuncta
461 1250 577 1316 erant,
603 1255 675 1316 quor
701 1233 806 1318 reipsa
827 1254 1021 1324 congruunt
1041 1264 1121 1320 cum

141 1401 143 1406 ·
181 1354 225 1420 iis
243 1375 316 1436 quae
339 1351 818 1436 dixeram‚›accept01tegi·nae
838 1367 961 1418 nostrae
981 1354 1021 1420 nd
1038 1356 1118 1425 suos

179 1470 329 1552 populos
352 1465 478 1554 edicto.
518 1464 703 1547 *Praecipue
729 1478 837 1532 autern
859 1467 1018 1550 ostendi,
1050 1489 1120 1541 reru

179 1581 299 1646 Gulliae
326 1581 360 1646 iu
384 1581 445 1646 hac
470 1596 503 1644 re
530 1579 640 1659 verti,
665 1579 758 1662 quod
776 1579 849 1644 Rex
866 1581 982 1646 Daniae
1007 1598 1118 1666 aperte

180 1693 340 1760 hostibus
363 1692 492 1760 nostris
518 1706 652 1760 novaret
675 1711 807 1776 operam
832 1711 869 1758 ac
901 1695 1043 1776 proinde
1066 1698 1118 1764 itr-

180 1822 229 1874 ter
260 1827 318 1874 eos
352 1806 455 1887 esset,
500 1825 620 1880 contra
650 1824 738 1890 quos
767 1824 965 1890 conceptum
990 1809 1119 1878 estse-
1147 1803 1162 1866 ἶ

141 1909 145 1932 ⁴
178 1922 266 1988 dus:
313 1922 449 2005 deinde,
475 1939 533 1984 nec
563 1939 640 1984 curn
662 1920 772 1998 Gallis
800 1919 922 2003 Suedi,
956 1941 1014 1988 uec
1039 1943 1130 1992 cum'

179 2034 299 2128 suedis
327 2032 418 2101 Galli
447 2047 504 2100 rut
538 2023 677 2116 Bataui,
710 2033 967 2118 Galliae-socii,
999 2038 1118 2107 habere

179 2149 375 2233 commercia
398 2147 457 2216 nist
481 2148 634 2216 damnoso
658 2146 864 2238 possent,vsr
888 2143 973 2236 Reg'i
997 2153 1115 2220 Danire

61 2263 64 2270 “
176 2266 275 2333 licem
301 2252 618 2350 exigerequantum
641 2264 742 2344 velit,
774 2261 857 2332 ficut
890 2263 971 2330 fecit
1005 2265 1150 2346 horte.

176 2397 263 2447 nus:
288 2362 321 2442 er
344 2381 430 2472 'hant
458 2377 587 2444 causam
611 2375 818 2446 communem
846 2375 914 2442 esso
942 2377 1118 2448 nationum

178 2493 338 2558 omnium.
387 2490 522 2575 Reginae
539 2491 651 2572 itaque
668 2490 826 2576 Regentis
850 2489 891 2554 ad
909 2492 1011 2566 huius
1036 2513 1117 2562 cau·

176 2606 219 2688 sae
245 2605 512 2690 prosecutionem
536 2618 569 2670 et
594 2604 717 2672 auxilia
743 2618 776 2670 et
800 2602 937 2672 eousrlia
960 2609 1116 2690 portura-

73 2756 75 2763 ·
174 2720 225 2786 vi.
296 2721 384 2788 Cum
408 2718 534 2804 Regina
559 2719 642 2788 nihil
663 2719 723 2784 nist
747 2720 936 2788 communia
958 2720 1015 2787 iila
1039 2743 1118 2806 quoe
1166 2759 1169 2772 =

176 2835 244 2923 dici
267 2835 372 2900 solent
399 2832 631 2915 responderet,
674 2824 744 2900 diii
775 2835 940 2901 aditurum
974 2854 1024 2902 me
1054 2853 1114 2904 eos

178 2952 236 3033 qui
262 2948 323 3031 ipst
345 2969 363 3014 a
386 2930 527 3012 confilio
551 2948 689 3029 essent,
708 2949 808 3030 idque
833 2946 951 3012 faciam
981 2949 1116 3032 praeser·

175 3057 239 3130 tint
260 3060 426 3128 Comitem
450 3059 662 3143 lirieunium,
701 3077 796 3144 quem
822 3061 948 3147 Regina
971 3063 1115 3144 posthac

176 3178 274 3244 etiam
297 3189 372 3242 ante
400 3175 526 3243 aditum
551 3175 591 3240 ad
614 3174 644 3240 se
662 3175 853 3257 compellari
873 3175 999 3244 voluit.
1043 3177 1116 3245 Dr·
1156 3187 1161 3197 ’

175 3293 220 3358 bo
252 3309 384 3374 opernm
413 3305 453 3354 ut
481 3309 704 3378 cognoscam,
739 3308 813 3371 quoe
835 3287 898 3357 stnt
922 3291 983 3358 hnc
1013 3291 1053 3361 de
1076 3310 1126 3388 re¹
1194 3333 1195 3336 =

175 3405 230 3472 iric
256 3406 445 3490 potentium
469 3408 632 3494 cogitator
691 3406 819 3489 qualem
846 3406 907 3472 hae
932 3404 973 3472 de
997 3425 1031 3472 re
1054 3427 1114 3490 po·
1192 3421 1195 3434 ·

177 3535 246 3606 cern
280 3519 387 3586 velint
421 3506 552 3590 cudere.
606 3520 645 3587 Id
679 3518 810 3603 quidem
843 3531 978 3602 apparet
989 3567 1007 3601 ,r
1026 3523 1112 3591 velle

177 3650 261 3712 eos,
286 3647 327 3699 ut
348 3654 367 3700 a
389 3634 614 3713 controversia
637 3635 765 3705 Danica'
795 3625 917 3718 quovis
945 3631 1043 3698 modo
1072 3619 1113 3702 11ss

175 3744 345 3830 meremur,
378 3769 445 3831 quo
479 3749 567 3816 vires
600 3765 724 3816 nosrrae
760 3747 795 3812 in
821 3746 1026 3814 Germaniam
1060 3748 1112 3814 iu·

176 3863 344 3932 cumbam.
366 3897 368 3902 ·
400 3863 548 3933 Multum
568 3880 677 3934 nutem
696 3875 870 3945 metuunt,
894 3881 934 3930 ne
948 3861 1111 3930 subducat

320 3993 322 3999 ·
622 3984 627 3996 ’
1081 3971 1112 4044 se
