3030 5102
406 389 1206 516 n'nnoonrsonorm

403 606 561 674 Carolus.
608 589 669 674 Ad
690 610 885 676 Theodonis
906 609 1021 674 villam
1046 607 1126 673 bene
1152 607 1341 690 procedunt

401 721 552 789 accessus
577 723 734 805 flexuosi,
758 739 790 788 et
809 741 850 790 en
869 725 1078 810 praetorianis
1099 725 1341 806 aliquammnlti

403 833 583 902 mittuntur
609 837 649 901 ad
670 839 853 923 augendum
875 858 946 904 eum
972 841 1177 904 exerciturus
1220 837 1340 905 Const-

402 950 484 1016 lium
512 951 636 1030 status,
662 953 754 1036 quod
777 952 955 1019 secundum
973 969 1024 1017 est
1053 953 1091 1017 ab
1117 953 1159 1016 iis
1187 953 1244 1034 qui
1266 970 1340 1032 per·

402 1078 505 1146 petuo
529 1065 663 1150 Reginae
692 1064 831 1147 adsunt,
862 1065 902 1131 ad
933 1045 1039 1130 ὶῙΧῙ
1059 1048 1227 1130 redaetum
1261 1081 1336 1144 est3

404 1179 512 1244 caereri
541 1173 637 1245 irunt
667 1193 837 1245 vacantes.
902 1181 980 1245 Dux
1014 1176 1152 1245 Guifius
1184 1180 1238 1244 hic
1271 1193 1337 1242 eut·

404 1290 554 1358 audimus
585 1307 692 1373 autem
722 1293 881 1380 Reginam
914 1289 1058 1357 vetuisse
1089 1309 1127 1356 ne
1158 1290 1339 1357 Comitisi'a

404 1403 605 1486 Bossuiaca‚
630 1425 702 1491 quae
735 1408 764 1472 se
794 1421 914 1472 contra
939 1408 1068 1472 Annam
1095 1405 1336 1484 Mantuanam,
1383 1484 1386 1488 ¹

403 1518 512 1585 Ducis
532 1521 706 1586 Mantuani
731 1519 853 1602 filiam,
888 1536 1023 1587 uxorem
1057 1520 1128 1603 ejus
1160 1519 1268 1598 dicit,
1306 1520 1342 1586 in

404 1630 522 1698 Gaffiae
550 1633 630 1699 fines
659 1635 867 1701 admittatur.
914 1635 973 1700 Ille
992 1652 1071 1699 vero
1096 1632 1234 1700 duarum
1256 1652 1340 1716 rixo·

405 1763 499 1825 runt,
523 1767 590 1812 non
616 1746 751 1814 diverfls
775 1748 1005 1830 temporibus,
1031 1745 1083 1810 sed
1106 1765 1174 1812 uno
1196 1762 1343 1829 tempore

405 1861 566 1940 maritus,
605 1863 712 1929 adhuc
746 1864 882 1928 retinere
913 1864 987 1927 vult
1014 1861 1263 1944 Episcopatus,
1307 1876 1341 1930 et

404 1972 591 2056 abbatias,
613 1990 647 2040 et
672 1977 885 2056 sacerdotia,
918 1976 1044 2058 optima
1068 1974 1140 2042 sane
1160 1991 1194 2042 et
1222 1976 1263 2042 ad
1291 1977 1340 2044 sa·

406 2086 527 2151 miliana
551 2102 654 2154 totam
684 2091 850 2154 ditandam
875 2092 968 2154 valde
994 2079 1122 2155 idonea.
1190 2091 1254 2156 Sed
1282 2092 1341 2173 qui

405 2215 530 2281 partem
558 2221 672 2268 eorum
703 2223 722 2268 a
752 2204 840 2288 Rege
875 2223 963 2270 nunc
994 2217 1127 2268 mortuo
1161 2221 1339 2286 accepere,

406 2328 444 2378 ut
466 2314 632 2398 Principis
658 2318 800 2384 Condaei
825 2317 931 2384 mino'r
956 2317 1069 2396 filius,
1092 2332 1124 2382 et
1148 2315 1341 2390 Cardinalis

405 2427 622 2511 Mauritius,
652 2430 772 2497 nolunt
796 2432 923 2498 ineius
947 2432 1081 2524 gratiam
1105 2447 1199 2517 parta
1227 2434 1338 2498 dimit-

406 2554 486 2607 tere.
542 2542 592 2609 ira
614 2545 870 2629 ubiquenimiae
896 2566 977 2631 opes
1003 2547 1175 2628 Ecclesrae‚
1200 2567 1239 2614 ex
1265 2545 1341 2630 qui*

318 2719 320 2726 ,
404 2656 468 2722 bus
492 2677 653 2741 pauperes
675 2663 717 2726 ali
734 2661 914 2742 debebant,
937 2663 1020 2729 fiunt
1037 2663 1167 2728 matoria
1187 2663 1338 2728 certami-

354 2789 358 2798 ·
404 2769 457 2832 nis
483 2771 569 2837 inter
592 2772 728 2840 divites.
795 2775 918 2842 Nescio
946 2795 986 2838 an
1012 2795 1124 2842 verum
1153 2774 1212 2855 stt,
1244 2777 1337 2861 quod

404 2880 528 2950 dicitur
543 2903 560 2950 a
574 2885 799 2971 portugallis,
823 2903 950 2970 captam
968 2889 1001 2951 in
1011 2888 1155 2955 Gallicia
1171 2891 1337 2958 salvater«

402 3015 490 3065 tamt
538 2997 760 3086 'sarragouam
783 3021 862 3066 vero
892 3000 1029 3074 obfideri
1052 3024 1070 3069 a
1095 3005 1208 3070 Morta
1233 3007 1338 3092 Odin·

401 3112 532 3178 eurtioa
557 3128 654 3197 capta
678 3117 717 3182 ab
736 3117 908 3186 Ethrusco
929 3117 1012 3186 duce
1033 3119 1270 3186 Castillonium
1297 3121 1339 3186 ad

403 3224 508 3290 lacum
537 3245 569 3294 et
599 3230 780 3298 civitatem*
797 3232 930 3302 Penne.
975 3236 1090 3312 Deus,
1112 3231 1338 3298 illustrisfime

403 3338 567 3422 Domine,
587 3344 716 3412 Encell.
735 3362 823 3416 tuam
840 3349 874 3414 in
891 3347 1062 3431 prosperis
1082 3349 1181 3418 renus.
1198 3347 1256 3416 diu
1273 3347 1336 3414 ier·

404 3474 473 3524 vet.
493 3447 619 3606 ..ἐζ-ἔξ
640 3487 717 3553 nuii
738 3487 983 3550 ctarocxuut.

730 3625 943 3692 Excellentiae
965 3639 1030 3694 tuae
1050 3625 1292 3693 addictissimus

708 3739 1029 3826 *devotisfimusque
1056 3749 1167 3808 cultor

987 3857 1032 3923 H.
1061 3859 1286 3924 Gnoarus.

1248 4031 1340 4098 Gau·
