3050 5096
435 467 500 537 no
540 438 818 560 intraturus
855 433 1285 528 oxousrrenrtm

437 635 564 724 possit,
588 652 652 700 noa
676 631 868 698 alterutrius
897 629 1001 715 partis
1027 624 1133 693 studio
1160 623 1254 691 duci.
1296 623 1381 692 Pto·

439 750 555 829 ribus,
576 748 741 828 fatemur,
768 745 904 826 verbis,
931 745 965 810 in
991 743 1136 828 epistola
1158 754 1276 806 nostra
1298 740 1380 807 atti·

441 853 549 949 pinni
578 881 629 928 res
655 859 913 954 D-D’Avausri,
938 874 1130 932 nontamen
1157 853 1381 938 ¹comparatiol·

442 995 483 1042 ne
507 977 579 1041 eius
605 975 694 1044 facti
714 996 794 1042 *cum
816 976 863 1043 D.
881 973 1075 1054 Serviento,
1101 969 1219 1037 nedum
1246 983 1285 1035 ut
1306 970 1381 1034 brea

443 1091 599 1157 viuscula
615 1091 672 1156 illa
689 1089 877 1177 mentione,
900 1085 1028 1169 aliquid
1053 1085 1153 1152 huius
1179 1083 1303 1152 honori
1324 1081 1381 1146 de„

444 1217 608 1284 meretur,
631 1202 685 1269 sed
705 1191 780 1286 quia
797 1203 890 1285 prior
905 1203 1031 1267 abitum
1049 1198 1259 1266 moliebatur.
1303 1196 1382 1261 Ideo

445 1316 771 1399 repraesentavimus,
807 1335 902 1400 quam
925 1313 1161 1381 inconveniens
1188 1311 1380 1388 videretur,

344 1495 346 1498 ,
403 1477 407 1489 ·
447 1431 562 1500 srhoc
586 1431 697 1512 fieret,
731 1449 809 1496 mox
833 1417 913 1513 post
936 1428 1114 1510 adventum
1138 1427 1384 1507 Deputatorum

446 1542 577 1626 imperii
604 1545 766 1625 Romani,
789 1545 960 1628 ingruente
994 1542 1056 1608 iam
1086 1555 1233 1621 tempore
1255 1554 1385 1621 propo·

320 1704 322 1714 ‚
448 1653 581 1722 sttionis
606 1657 786 1736 faciendae,
815 1672 847 1720 et
876 1658 1000 1734 nemine
1030 1655 1064 1718 in
1093 1655 1204 1720 locum
1234 1649 1386 1734 surroga-

449 1749 506 1833 to:
537 1788 647 1849 uuae,
671 1770 784 1836 iuncta
809 1771 883 1836 aliis
905 1767 1181 1846 circumstantiis,
1201 1763 1386 1848 aponius

449 1881 599 1968 piciusos
631 1903 697 1965 prae
729 1884 759 1948 se
786 1882 933 1950 ferebant
966 1882 1103 1966 speciem
1134 1879 1276 1964 quaesitae
1306 1893 1388 1962 pro}

450 1997 715 2066 crastinationis.
760 1999 918 2064 Nolimns
939 2015 1046 2080 parem
1068 1993 1177 2060 celum
1201 1991 1328 2060 evenire
1350 1990 1388 2056 iu

449 2097 681 2180 Illustrissrmo
706 2115 752 2178 D.
769 2113 956 2186 Serviento.
1009 2108 1136 2194 Quodsi
1160 2105 1386 2190 contingeret,

451 2243 520 2290 non
558 2226 677 2289 minori
710 2226 781 2291 eius
820 2227 866 2290 rei
902 2221 1128 2290 sollicitudine
1168 2235 1384 2304 tangeremur.

451 2337 539 2405 Nam
573 2338 726 2416 amabiles
755 2340 829 2403 eius
860 2335 1190 2427 moresperuditio‘,
1215 2349 1389 2414 rerumque

451 2467 640 2536 magnarum
665 2451 883 2534 experientia,
907 2466 961 2532 et,
986 2469 1081 2534 quem
1103 2467 1165 2514 nos
1189 2447 1320 2515 naaion
1341 2442 1389 2510 ia·

405 2564 409 2573 '
453 2566 587 2645 cimus,
626 2566 718 2630 zelos
750 2583 812 2647 pro
848 2565 1015 2630 communi
1049 2557 1389 2649 Regnorumcausst

453 2664 687 2763 provehenda,
719 2695 781 2743 nos
803 2677 862 2764 ‚illi
886 2677 1061 2742 devinctos
1093 2691 1226 2756 tenent,
1256 2687 1299 2758 ¹ut
1325 2671 1389 2738 iam

346 2877 348 2886 ‚
454 2809 524 2857 non
543 2811 644 2858 unum
663 2809 804 2869 annum,
828 2789 880 2854 sed
897 2793 1009 2872 plures
1032 2792 1174 2856 invicem
1193 2784 1390 2872 transegisse

455 2904 639 2972 credamus.
686 2904 868 2970 Amborum
886 2923 964 2988 ergo
982 2903 1184 2990 consortium
1205 2902 1301 2970 nobis
1319 2921 1393 2986 gra-

436 3033 528 3114 xtum
553 3033 603 3084 est
630 3031 663 3082 et
687 2995 906 3098 aestimabile,
946 3017 1038 3103 quod
1062 3015 1234 3099 equidem,
1267 3016 1300 3082 in
1327 3034 1391 3080 nu·

453 3151 536 3216 pero
568 3131 745 3216 congressu
771 3129 1045 3212 Monosteriensr,
1076 3151 1143 3196 non
1169 3149 1284 3215 parum
1314 3149 1391 3196 coa·

454 3243 554 3312 luisse
575 3244 740 3325 vidimus,
764 3261 797 3310 et
827 3246 899 3330 spes
930 3261 981 3312 est
1008 3245 1151 3312 validius
1184 3244 1390 3326 solidiusque

456 3358 645 3427 redunitum
663 3358 703 3422 iri
720 3358 1008 3440 praesentiaDucis
1029 3357 1286 3450 Longovillnnia
1335 3357 1390 3422 ln·

455 3487 541 3538 terea
563 3472 794 3558 confirmanius
817 3470 1083 3557 propositiones,
1108 3472 1213 3556 parati
1236 3469 1389 3538 commit-

455 3602 521 3653 tere
545 3602 599 3650 eas
623 3584 883 3652 Castrianorum
912 3584 1084 3664 manibus,
1111 3585 1225 3652 futura
1251 3585 1302 3652 die
1331 3584 1391 3650 do·

386 3719 389 3728 ·
454 3700 594 3782 minica;
622 3696 738 3781 quodsi
767 3697 825 3780 lit,
848 3699 1101 3771 Dom.,Vestrae
1127 3717 1205 3792 mox
1226 3700 1391 3782 exemplar

453 3827 580 3879 uostrae
607 3813 790 3878 mittemus.
837 3813 963 3896 Mirum
988 3825 1060 3892 est,
1086 3832 1187 3897 quam
1212 3815 1389 3886 turbentur

453 3923 589 3994 consilia
599 3927 716 3994 bellica
734 3927 824 3996 clade
839 3924 895 3994 illa
910 3926 1223 4014 Morgenheiuiant.
1249 3925 1391 4022 D.Tor·

1304 4036 1390 4104 sten-
