3014 5098
422 466 465 531 ⁶2
561 447 1223 532 rruoonrsono‘rrr

419 649 485 719 pro
504 646 620 715 magno
644 623 815 692 aest'rmant.
861 620 977 700 Gossi,
1005 622 1062 702 qni
1089 623 1227 706 Zinqnae
1254 625 1357 712 funt,

419 751 533 828 ‘cepere
558 759 662 808 arceor
694 737 900 820 Gueningam
931 732 992 800 nbi
1021 735 1177 803 vicinam.
1238 739 1362 826 Legati·

334 943 336 946 ¹
418 843 600 937 Casteliae,
620 841 865 937 Portugalli'ae,
884 849 1106 940 Batavorum,
1129 838 1224 934 piane
1247 853 1359 920 Parla-

418 975 552 1053 mento,
580 966 671 1054 quod
694 980 744 1032 est
771 965 1059 1031 westmonasterii
1081 967 1169 1046 opud
1192 967 1358 1037 Londini-

418 1111 498 1169 um,
527 1103 585 1151 eos
601 1087 743 1149 honores
760 1079 928 1160 detulere,
958 1097 1045 1160 quos
1074 1077 1133 1162 ipsr
1157 1066 1355 1154 voluerunt.

418 1205 610 1278 Summus,
631 1217 649 1262 a
674 1195 784 1260 Gauia
801 1191 963 1275 resrdens,
988 1193 1095 1258 adhuc
1118 1212 1155 1260 ea
1173 1195 1207 1259 in
1235 1215 1268 1260 re
1290 1212 1357 1289 ¹tera

417 1287 623 1403 {riversanure
651 1325 664 1342 ‘·
1037 1313 1039 1324 “

459 1429 543 1497 vini
574 1427 634 1516 hic¹
666 1420 873 1518 prolustrem
908 1421 953 1486 D.
979 1420 1138 1488 Batonem
1169 1423 1355 1492 Oxenstier·

418 1564 517 1626 narn3
551 1523 676 1626 quanto
693 1557 769 1604 eom
786 1549 924 1620 aspectu
948 1537 1108 1617 viderim,
1132 1557 1199 1602 uon
1219 1540 1355 1622 possum
1437 1549 1444 1554 “

416 1628 545 1730 verbisr
566 1653 765 1737 exprimere,
796 1671 870 1718 cum
897 1650 1004 1715 omnia
1036 1647 1125 1717 Porri
1153 1654 1224 1719 eius
1258 1657 1355 1722 debe·

413 1791 492 1854 um,
516 1764 700 1871 virtugibus
727 1767 798 1832 eius
824 1778 857 1840 et
882 1763 1014 1849 ingenio
1041 1766 1207 1848 plurimo,
1231 1769 1353 1840 etiamst

325 1879 327 1884 ’
394 1884 611 1955 Χῐ)ειιε1ἰεῐι1ι]ι
633 1897 696 1946 tom
717 1897 868 1963 magnum
888 1877 1024 1944 abesset.
1045 1879 1208 1949 ‘Utinam
1226 1883 1352 1951 diutius

412 2001 544 2080 nicei,
570 2011 607 2063 ut
633 2009 794 2074 meretur,
824 1993 980 2088 inservire
1004 1993 1200 2076 potuissem.
1257 1997 1354 2065 Nihil

414 2117 452 2184 in
470 2116 540 2181 vita
560 2131 629 2178 mea
648 2110 729 2175 mihi
754 2106 926 2174 accidisset
944 2109 1092 2175 dulcius.
1127 2111 1254 2194 Nunc,
1277 2133 1353 2180 cum

416 2233 508 2296 olera
531 2228 578 2292 ire
600 2213 800 2304 instituerit,
833 2221 915 2287 nihil
945 2238 1027 2304 opto
1060 2227 1163 2311 magis
1195 2247 1291 2310 quarn
1313 2243 1354 2295 ut

416 2343 487 2408 vita
511 2340 590 2408 mihi
608 2357 757 2420 eousque
776 2337 895 2416 duret,
918 2353 955 2412 ut
972 2341 1015 2407 ,in
1039 2339 1131 2422 filio,
1157 2365 1231 2410 cum
1248 2343 1350 2410 redie-

297 2499 307 2544 ῃ
416 2457 483 2536 rit,
508 2454 681 2522 monstrare
705 2451 848 2534 possrm,
872 2443 1033 2535 quantum
1056 2458 1141 2538 patri
1163 2477 1212 2544 rne
1237 2458 1351 2522 debere

414 2570 548 2638 sentiam
572 2587 604 2636 et
630 2565 835 2636 libertissrme
861 2567 1031 2651 profitear.
1267 2550 1269 2556 ’

816 2796 926 2862 XIV.

513 3024 761 3092 ronnrrur
806 3009 1258 3094 orrnusrrrrrun.'

582 3253 874 3320 Innusrnrssrmn
904 3270 957 3318 nr
987 3253 1344 3323 Excrnruurrssrnrr

655 3371 806 3434 Dounon
820 3369 829 3434 Ι

454 3511 767 3682 significationem
793 3596 834 3662 od
858 3595 1086 3682 Caesnrianos,
1112 3619 1209 3684 quam
1232 3599 1347 3686 accepi
1398 3582 1401 3590 ¹

337 3733 339 3740 ·
410 3731 486 3778 eurn
513 3713 618 3777 literis
636 3712 848 3780 Excellentiae
867 3729 1008 3797 vestroe,
1036 3715 1123 3781 datis
1144 3716 1191 3782 XI
1209 3719 1347 3802 Augus·

410 3826 461 3906 ti,
476 3842 513 3891 ut
532 3827 584 3890 hic
603 3828 672 3892 dies
690 3845 919 3908 numeramu8‚
935 3829 1009 3895 dedi
1028 3831 1266 3916 typographo,
1287 3846 1346 3911 per

408 3923 602 4030 queniam
637 3959 715 4012 mox
745 3931 784 4010 in
812 3945 918 4017 rocem
942 3945 1108 4033 prodibit.
1166 3944 1287 4011 Laudo
1311 3955 1343 4008 ee

1243 4055 1349 4139 scrip·
