3014 5098
399 379 445 459 ro
539 369 880 440 rrtrootrrs
927 357 1205 436 ottortr

400 539 520 610 Galliae
552 540 636 607 dixit
662 543 707 608 D.
736 541 890 622 Gorino‚
921 542 1030 626 legato
1064 536 1117 602 hic
1154 531 1238 616 regis
1263 528 1339 610 Ant·

399 653 502 737 gliae,
527 672 629 739 rogem
646 655 777 736 Angliae
796 655 987 738 participem
1009 650 1109 718 fuisse
1124 663 1237 716 eorum
1257 661 1339 710 cort-

397 765 572 847 ditiorum,
594 784 666 849 quae
684 769 870 834 inexirium
888 766 1016 832 Suediae
1033 785 1050 830 a
1068 766 1185 840 Dano,
1205 757 1337 824 Polono
1421 739 1427 750 ⁸

400 894 435 950 et
457 881 655 951 Moscovita
672 880 1000 970 summoturum,
1024 880 1179 943 neminem
1202 871 1340 936 miratu·

396 1011 497 1073 rum,
514 992 560 1073 sl,
577 997 744 1076 Praettrito
756 997 866 1082 Rege,
889 995 990 1064 suedi
1007 993 1082 1060 suos
1101 1005 1175 1067 res,
1199 999 1239 1050 ut
1257 999 1338 1066 pos-

398 1103 503 1186 sunt·
526 1121 654 1190 outentr
702 1130 750 1176 me
773 1130 874 1191 vero,
898 1131 972 1196 curn
995 1106 1034 1171 de
1062 1104 1138 1170 istis
1163 1100 1261 1166 rebus
1287 1096 1339 1162 ni·

401 1218 453 1292 lril
485 1222 617 1292 lateam
652 1226 758 1305 certi,
790 1220 952 1305 scripsisse
982 1219 1016 1286 in
1050 1215 1203 1284 Suedianr
1225 1219 1267 1276 'et
1297 1209 1340 1276 ad
1411 1295 1414 1300 Ι

398 1331 530 1416 legatos
558 1337 744 1419 Suedicos,
781 1352 818 1405 ut
841 1337 983 1405 certiora
1010 1333 1048 1398 de
1072 1350 1108 1397 ea
1137 1349 1169 1396 re
1196 1343 1340 1414 cognos-

337 1471 339 1478 ’
400 1463 488 1520 cam.
534 1450 590 1520 dd
616 1455 685 1518 lraec
709 1454 755 1517 D.
777 1452 962 1519 Germanus
991 1446 1032 1513 ad
1056 1445 1109 1526 id,
1137 1442 1228 1528 quod
1251 1441 1342 1507 dixe·

397 1577 535 1643 derant,
559 1563 627 1631 dici
651 1565 772 1650 Regem
787 1565 915 1650 Angliae
941 1581 1015 1630 cum
1042 1559 1198 1627 hostibus
1214 1555 1342 1624 Suediae

400 1671 461 1748 sua
485 1673 624 1746 sortasse
648 1677 805 1758 consilia,
830 1677 912 1742 nihil
936 1675 1017 1744 certi
1040 1672 1222 1758 respondit.
1266 1669 1341 1736 Cae·

381 1798 514 1862 ·ttrunr
539 1791 707 1873 ostendit,
739 1773 865 1874 sperare
889 1789 918 1856 se
946 1788 1053 1868 ut,sr
1085 1785 1166 1870 quid
1197 1799 1342 1868 cognos-

402 1899 494 1983 sem,
520 1902 677 1990 Reginam
697 1908 827 1992 Angliae
849 1905 1013 1994 consciam
1034 1902 1184 1969 facerem.
1241 1895 1343 1962 Vide·

281 2097 286 2108 Ι
404 2013 540 2098 bimur,
574 2021 655 2100 quid
678 2020 828 2088 effecturi
852 2018 914 2115 lirrt
937 2015 1190 2084 Rirhemontius
1220 2008 1253 2078 ¹et
1279 2011 1342 2076 Su-

403 2130 661 2214 thamptonius,
697 2153 715 2198 a
744 2134 832 2218 Rege
863 2131 949 2198 missr
974 2132 1023 2213 ,ad
1048 2125 1343 2204 Parlamentarios,

345 2298 347 2307 ,
402 2261 484 2314 curn
515 2245 614 2336 trovis
643 2245 907 2318 conditionibus.
970 2245 1104 2325 Credo,
1130 2244 1215 2326 spem
1239 2240 1340 2324 Regis

404 2356 612 2438 Potisfiman
635 2360 702 2424 esse
727 2361 864 2444 positam
890 2363 923 2428 in
953 2362 1006 2447 spa
1029 2357 1261 2436 dissrdiorum,
1292 2355 1343 2420 in-

385 2473 459 2540 'ter
489 2473 638 2544 rationes
663 2474 795 2558 ingenio
823 2475 1016 2556 discordes,
1043 2474 1174 2558 Anglos
1205 2484 1237 2535 et
1259 2468 1342 2538 Sco·

405 2597 485 2664 tot,
523 2586 608 2656 inter
639 2587 784 2655 ordinem
810 2589 1008 2654 Nobilitatis
1040 2601 1072 2651 tt
1094 2584 1226 2663 Plebis,
1258 2584 1342 2647 inter

357 2761 360 2768 .
404 2716 488 2777 ool,
513 2700 569 2780 qui
594 2700 783 2786 Episcopor
812 2717 844 2767 et
860 2718 1001 2769 voterem
1021 2701 1186 2784 liturgiam
1209 2710 1337 2774 amant,
1381 2676 1384 2684 ¹

401 2825 437 2883 sl
460 2829 539 2892 tot,
566 2814 622 2893 qul
641 2816 747 2880 omnia
767 2830 920 2897 quaerunt
946 2834 1053 2893 nova,
1078 2814 1164 2878 inter
1180 2829 1259 2890 eos,
1284 2799 1342 2890 qui

406 2945 520 3009 paoem
538 2927 625 3000 bello
648 2940 680 2998 ot
703 2929 824 3000 bellum
845 2929 918 3012 paci
939 2927 1133 3012 praefetunt.
1179 2924 1340 3004 Gaudeo,

405 3039 513 3114 literis
538 3059 578 3112 tx
600 3041 733 3112 Batavis
756 3061 804 3114 nro
821 3043 1022 3128 intelligere,
1047 3043 1087 3106 ad
1107 3041 1240 3108 meliora
1261 3057 1341 3102 con·

406 3151 477 3225 silla
503 3154 588 3226 vorti
610 3156 705 3227 otiam
729 3144 810 3237 eos,
836 3159 894 3248 qui
910 3159 1045 3228 antehac
1060 3154 1234 3234 obstitere,
1260 3171 1342 3236 quo·

407 3266 517 3343 nllllut
544 3287 580 3340 et
603 3270 789 3351 respublica
814 3270 901 3338 vites
930 3268 1003 3336 suas
1030 3268 1243 3352 coniungeret
1269 3285 1341 3340 cum

409 3380 548 3461 suedia,
574 3383 614 3452 td
629 3402 713 3455 ruore
732 3383 949 3465 compedibus
965 3382 1104 3453 Danicis
1124 3379 1339 3446 liberandum.

407 3477 498 3566 Non
511 3495 643 3570 cessabo
660 3498 816 3566 ventilare
832 3496 914 3562 hanc
936 3495 1052 3566 facem.
1109 3494 1255 3577 Brugius
1279 3495 1342 3564 hnc

409 3610 592 3683 apolonii
614 3609 733 3702 rtdiil,
766 3610 885 3689 rebus,
916 3623 955 3678 ut
977 3609 1123 3688 dicitur,
1158 3606 1237 3674 hene
1262 3624 1342 3670 con·

408 3720 528 3797 sectili
583 3721 825 3797 ablaresoallo
861 3721 1095 3798 Torstensorrio
1124 3701 1340 3803 Avangurins

407 3836 549 3911 nunoios
579 3837 687 3914 ferens
724 3836 778 3911 bit
812 3850 998 3932 pergratos.
1068 3838 1171 3918 Duo,
1201 3835 1258 3924 qui
1290 3850 1341 3904 res
