3030 5102
423 435 1237 532 mrwmmmoamn

427 633 463 686 ta
487 615 704 700 repulerunt,
728 626 886 714 ceperunt
906 618 1012 679 autem·
1031 614 1091 700 ipsr
1110 616 1307 692 Bondenuin
1332 639 1367 698 et

334 757 340 768 ·
426 726 494 800 alia
517 729 557 798 ad
579 727 760 796 Ferrariam
786 728 873 795 loca.
925 729 1073 796 Bararus
1101 731 1366 812 Traumensdor'·

426 847 508 920 {ont
539 861 557 912 a
580 842 708 933 gratia,
747 863 813 928 qua
836 837 925 930 apud
956 843 1186 930 Imperatorem
1213 856 1365 943 valebat,

425 958 590 1048 depulisse
613 959 760 1042 dicitur,
785 973 866 1025 rum
894 959 1048 1042 Hispano
1073 981 1182 1032 autem
1207 989 1299 1056 agere
1327 974 1367 1044 de

376 1133 380 1142 .
425 1073 593 1144 tradendis
617 1073 680 1161 ipit
702 1061 861 1160 pluribus*
886 1076 920 1140 in
937 1073 1124 1145 Palatinatu'
1147 1083 1248 1150 locis.
1282 1089 1366 1174 Epi.

428 1191 546 1274 scopi,
562 1190 768 1276 quitirn'aldi
785 1191 907 1256 librum
921 1191 1146 1275 probauerunt
1158 1195 1367 1278 ,subiiciunt

422 1306 457 1374 se
481 1309 579 1389 Papae
603 1306 745 1373 indicio.
790 1302 996 1373 Universrtas
1016 1292 1124 1374 autem
1146 1305 1362 1383 Louaniensrs

422 1411 554 1507 scripsrt
563 1417 781 1488 universitati
797 1411 962 1503 Parisrensr
981 1431 1019 1486 ne
1036 1415 1208 1492 damnetur
1224 1427 1364 1498 lansenii

419 1535 593 1604 sententia.
640 1525 750 1602 'Inter
772 1535 963 1602 Galdinalis
988 1525 1156 1602 Mtztrini
1189 1553 1223 1604 et
1253 1543 1364 1609 Ducis

421 1637 666 1735 Longdvliialti
685 1649 826 1714 comites
852 1653 963 1736 pugna
984 1647 1075 1715 ‘fuit‘
1115 1641 1179 1717 Sed
1203 1653 1234 1719 ei
1258 1668 1364 1724 certa·

309 1825 316 1840 ,
421 1765 506 1832 mini
532 1751 592 1850 lpl't
618 1762 964 1830 sundri-immiscent.
1009 1751 1056 1831 Et
1080 1765 1295 1850 Cardianus,
1323 1782 1363 1836 ut

421 1877 607 1964 potentian
640 1892 672 1946 et
704 1877 910 1944 securitatem
941 1878 1031 1945 sunm
1067 1888 1269 1963 ostentaret,
1308 1883 1362 1949 his

422 1991 541 2069 diebus
570 1997 644 2056 etim
671 1991 797 2074 neptun·
822 1994 856 2058 ln
886 1993 958 2060 eius
985 2001 1153 2060 carrucam
1183 2009 1360 2080 receptus,

419 2093 1361 2192 mmmfflmmffimfflmmm

421 2219 625 2294 Boionienst.
683 2211 838 2290 catalani
869 2224 929 2303 qui
955 2221 1075 2287 Galliae
1110 2231 1161 2288 res
1193 2224 1361 2300 sectantur

419 2335 502 2402 bene
531 2335 571 2398 de
602 2336 701 2400 relius
733 2335 799 2399 liris
831 2329 981 2417 sperant‘a
1051 2353 1239 2419 quanquam
1273 2342 1360 2407 erim

421 2467 545 2534 magnae
574 2449 650 2514 iunt
681 2448 908 2530 Hispanorum
939 2450 1070 2532 copiae,
1095 2466 1216 2532 putant
1250 2455 1357 2521 difflu-

419 2563 518 2632 xuras
545 2565 658 2630 victus
681 2565 812 2648 inopia·
855 2562 919 2644 lpli
944 2573 1049 2630 autem
1074 2583 1091 2627 a
1118 2565 1277 2633 Narbone
1297 2585 1355 2635 au·

324 2751 326 2756 ,
418 2682 498 2746 uilia
525 2680 726 2764 exspectant·
787 2667 967 2745 Praefectus
995 2679 1177 2744 Mediolani
1200 2693 1232 2744 et
1259 2680 1356 2746 Prin·

421 2799 499 2878 c'eps
525 2794 672 2858 Thomas
689 2791 854 2858 ¹festinant
884 2793 964 2856 alter
991 2793 1083 2856 alteri
1116 2808 1241 2859 arenam
1271 2807 1356 2878 prfae·

421 2909 561 2974 scribere
587 2909 620 2972 in
645 2927 711 2990 qua
735 2905 888 2971 bellctur.
960 2907 1180 2974 Marescallus
1213 2909 1355 2976 Turenae

419 3026 453 3090 ln
477 3023 651 3091 Comitatu
675 3013 800 3102 incepit
829 3020 953 3101 oppida
977 3022 1095 3106 exigua
1128 3043 1265 3106 capere,
1292 3023 1355 3088 Ve-

418 3127 540 3219 sulum,
566 3137 742 3214 Boumam,
766 3135 960 3215 Lixolium,
990 3152 1022 3199 et
1051 3156 1155 3202 arcem
1182 3137 1350 3203 illebissae.

416 3255 462 3320 At
490 3251 654 3318 Lamottae
683 3249 872 3332 praelidiarii
907 3251 994 3335 apud
1030 3249 1235 3316 Trisuioram
1268 3253 1350 3318 duas

415 3382 538 3432 turmas
567 3367 742 3433 Gallorum
772 3364 1048 3430 draconianorum
1081 3366 1252 3432 disiecere.
1318 3367 1351 3432 ti

417 3480 632 3548 Falcosteinio
665 3477 769 3541 abiere
796 3475 963 3559 Hispani,
993 3485 1173 3544 metuentes
1201 3482 1351 3546 hostium

414 3597 659 3678 superventum·
723 3583 773 3656 De
801 3593 894 3658 Duce
922 3593 1050 3690 liavaro
1081 3610 1186 3659 manet
1221 3596 1349 3676 serm0,

412 3709 547 3776 consilia
563 3709 634 3771 eius
651 3707 684 3770 in
702 3705 869 3771 Baliarum
886 3706 997 3790 dirigi.
1050 3706 1157 3773 Habet
1173 3725 1279 3799 autent
1298 3712 1349 3775 in·

412 3839 525 3910 gentes
544 3822 671 3904 coplas.
693 3818 876 3886 Praefectus
890 3821 1151 3902 Francothaliae‚
1170 3823 1348 3905 suspicax,

408 3953 446 4004 ut
473 3937 579 4004 solent
601 3935 668 4028 esse
690 3934 1001 4023 Hispani,¹ducem
1034 3937 1246 4028 Zimmerium
1275 3957 1346 4004 nto-

1239 4051 1341 4131 nuit,
