3030 5102
416 405 461 518 [a
585 427 1305 516 uuoonrsoreorrr„
1389 480 1391 488 ,

440 597 581 664 nulline
603 592 903 680 circumveniatur,
925 599 1002 668 hinc
1028 621 1046 666 a
1076 601 1232 684 Melone,
1258 601 1371 668 indea

441 711 595 780 licetine·
609 716 662 779 se'd
683 729 716 778 et
734 713 792 798 ipst
810 707 1029 799 strppleme‘nta
1048 715 1244 798 advenient,
1261 734 1292 781 et
1311 716 1373 781 ita-

442 830 533 910 tavi,
555 844 594 894 ut
611 841 718 912 puto,
742 843 864 910 partem
883 829 1072 893 abstrahent
1091 829 1245 896 hostium.
1292 831 1373 896 Dux

441 939 701 1008 Vendocinenfis
729 940 1002 1026 apu'dReginam
1026 942 1207 1027 Regenteur·
1232 944 1373 1008 multum

442 1053 573 1119 laborat
596 1071 634 1121 ut
661 1056 743 1141 Regi
763 1053 893 1138 Angliae
915 1052 1148 1138 subveniatur,
1174 1071 1207 1121 et
1231 1073 1315 1139 puto
1340 1053 1375 1120 id

443 1161 617 1249 futurum,
642 1169 665 1236 st
690 1169 762 1234 Rex
785 1167 988 1250 rebusipsts
1015 1169 1189 1251 ostendat,
1217 1169 1247 1234 se
1264 1169 1324 1235 srbi
1342 1178 1376 1242 eu

442 1280 644 1365 propinquis
689 1281 756 1346 suis
790 1281 906 1346 melius
944 1283 1027 1347 velle
1067 1301 1166 1364 quarn
1205 1282 1374 1364 Hispano.

441 1393 575 1459 Abnuit
605 1407 710 1460 autem
746 1394 818 1458 Rex
853 1395 908 1458 ille
942 1397 1126 1478 approbare
1161 1395 1377 1464 indictionem

442 1507 656 1593 pecuniarum
677 1505 797 1572 factam
819 1508 1055 1574 aParlamento
1079 1511 1234 1576 adversus
1260 1509 1379 1576 Hiber·

445 1639 529 1698 nos,
557 1621 632 1684 ideo
653 1601 745 1701 quod
768 1622 902 1687 antehac
922 1622 1076 1703 pecuniis
1102 1622 1159 1688 sub
1187 1644 1226 1689 eo
1250 1625 1379 1689 nomine

444 1732 584 1798 indictis
615 1733 662 1800 usr
692 1733 755 1800 sint
787 1749 906 1801 contra
935 1735 979 1804 se.
1043 1736 1215 1804 Dicuntur
1248 1753 1378 1818 autem,

445 1849 544 1933 Regii
569 1850 744 1917 victoriam
774 1848 955 1935 reportasse
984 1848 1023 1914 du
1049 1849 1091 1916 iis
1117 1853 1175 1936 qui
1205 1853 1379 1938 Bamburgi
1405 1917 1410 1924 ,

445 1963 646 2030 obsidionem
674 1965 831 2031 volebant
868 1982 1097 2049 perrumpere,
1143 1966 1166 2030 ii
1203 1987 1283 2030 vero
1321 1966 1379 2048 qui

429 2078 503 2144 asub
525 2077 664 2143 Essexio
687 2077 764 2144 sunt
790 2077 878 2162 apud
905 2077 1110 2163 Reudinguur
1134 2078 1286 2144 seditiose
1309 2099 1382 2164 age·

444 2210 500 2272 rc,
525 2192 617 2273 quod
651 2193 739 2257 ultra
767 2190 907 2256 mensem
943 2191 1101 2275 stipendia
1132 2191 1210 2275 ipsas
1244 2193 1381 2256 debean-

445 2318 527 2384 tur,
558 2303 627 2370 esse
651 2319 759 2372 autent
785 2324 843 2372 cos
868 2308 997 2389 equites
1027 2321 1077 2372 ter
1104 2306 1215 2386 mille,
1251 2304 1379 2388 pedites

446 2419 624 2484 duodecies
648 2419 748 2484 mille.
794 2420 993 2488 Pontificius
1014 2435 1121 2488 autem
1141 2419 1307 2484 Hibernos
1323 2435 1381 2483 au-

444 2533 555 2638 diuqus
577 2552 648 2598 uon
672 2497 822 2616 potuisse
848 2533 969 2602 adduci
994 2536 1033 2600 ad
1057 2532 1258 2616 recipiendas
1283 2531 1382 2596 indu·
1429 2531 1433 2538 '

445 2649 537 2726 cias,
567 2664 600 2712 et
629 2650 753 2716 multus
783 2650 825 2717 ab
852 2647 921 2717 iilis
949 2662 1173 2734 protestantes
1202 2647 1306 2713 caeios
1340 2646 1381 2713 ad

440 2759 715 2829 Blancirehiilanr.
771 2763 841 2849 Qui
868 2765 947 2829 belli
974 2782 1081 2828 rerum
1107 2762 1205 2843 periti
1231 2761 1306 2826 suot
1326 2763 1381 2844 ju·

437 2871 560 2938 dicant
586 2873 759 2956 Hispanos
788 2877 944 2960 quisunt
969 2877 1003 2942 in
1021 2874 1152 2959 Belgica
1178 2875 1282 2936 multa
1305 2891 1383 2956 pec-

443 2985 553 3054 casse:
580 2989 744 3072 priorum,
773 2991 864 3072 quod
890 2993 956 3058 hoc
983 2961 1129 3071 tempore
1154 2985 1213 3070 ipfi
1244 2987 1382 3051 hostilia

443 3102 631 3184 capturim,
665 3103 806 3185 deinde,
847 3105 938 3190 quod
969 3104 1149 3190 pugnarint
1185 3102 1380 3184 priusquam

438 3213 589 3282 -Beckius
620 3218 837 3303 copias-suas
873 3221 1004 3285 Meloni
1033 3216 1229 3284 addidisset:
1283 3226 1380 3294 post·

442 3347 589 3412 remum,
616 3333 730 3414 quod,
750 3333 773 3402 sr
792 3349 938 3418 pugnare
956 3332 1102 3410 vellent,
1128 3343 1194 3394 non
1213 3345 1381 3410 pugnave-

444 3442 512 3508 rint
543 3447 747 3512 antecedenti
768 3463 904 3526 vespere
929 3465 1004 3512 cunr
1028 3441 1101 3508 fessi
1127 3441 1233 3507 essent
1260 3439 1299 3506 ab
1325 3441 1381 3504 iti-

442 3577 517 3622 nere
543 3558 648 3626 Galli.
694 3560 757 3626 Sed
789 3559 962 3626 maximum
993 3557 1147 3630 omnium,
1169 3555 1235 3621 fuit
1265 3573 1380 3636 pecca-

438 3683 536 3753 tunr,
565 3673 662 3759 'quod
690 3674 830 3758 regimen
855 3671 1026 3755 equitatus
1052 3669 1178 3736 auferre
1211 3668 1381 3735 voluerint

435 3782 624 3870 :iiuquoio⁹
652 3807 812 3871 coquere
838 3804 870 3852 et
897 3787 1001 3870 ipsum
1031 3803 1063 3851 et
1093 3800 1250 3869 amantem
1278 3783 1380 3868 ipisus

432 3900 624 3980 equitatura
640 3903 856 3972 offenderint:
873 3903 1034 3969 Sultauus
1045 3899 1287 3980 Turca‚altera
1303 3915 1383 3980 pro·

1356 4012 1387 4074 le
