3014 5098
202 529 207 544 ,
269 397 902 526 ΕριετοιΛς-ιΝΕυιτᾸςς
1018 454 1077 523 ει.

111 625 192 700 tuin
209 628 386 694 inuitatur.
433 625 588 690 Marchio
605 624 982 706 Sanctichaumontius,
1000 624 1057 705 qui

111 745 239 810 dicitur
263 742 364 806 sedem
385 739 620 820 Apostolicaor
644 738 754 822 pretio
781 738 966 820 addixisse,
989 742 1055 807 huc

109 871 315 936 revocatus,
347 867 489 933 necat,
521 853 724 938 advocatum
747 851 808 920 fibi
837 852 970 938 sumpsit
992 874 1056 936 po-

111 973 267 1057 dagram,
292 981 471 1036 attestante
495 964 567 1050 ipso
591 967 770 1034 Pontifice.
837 968 932 1036 sicut
963 968 1056 1048 Galli

110 1105 221 1155 arcem
248 1082 410 1168 quandam
437 1080 472 1146 in
499 1081 553 1147 via
578 1081 619 1148 ad
641 1081 797 1150 Censrum
819 1081 953 1171 ignibus
981 1101 1056 1150 cor·

110 1219 252 1284 rupere,
286 1197 333 1264 ita
363 1195 447 1263 fama
482 1207 558 1278 est,
590 1195 674 1262 velle
702 1195 876 1277 Hispanos
905 1195 1057 1282 Bremurn

110 1315 186 1380 solo
212 1329 363 1395 aequare,
388 1309 584 1392 priusquam
607 1326 625 1373 a
645 1307 755 1375 Gallis
779 1308 943 1394 capiatur.
990 1311 1056 1377 Re·
1166 1397 1170 1407 Ι

107 1429 145 1514 gi
168 1425 341 1508 Hispaniae
372 1423 478 1489 multa
501 1434 742 1508 proponuntur
764 1424 971 1492 matrimonia
990 1424 1057 1492 Oe·
1137 1473 1140 1480 .

112 1545 326 1625 nipontanae,
352 1526 567 1618 Mantuanos,¹
587 1529 811 1621 Mutinensis,
834 1540 1057 1622 Florentium,

110 1633 233 1742 prater
256 1673 336 1737 eas,
357 1673 431 1736 qua
453 1651 529 1718 snut
559 1651 595 1716 in
614 1649 727 1719 Gallia
744 1665 777 1718 et
795 1652 889 1721 alibi.
935 1654 1058 1722 Barba·

111 1771 196 1838 rinis
230 1789 297 1836 non
327 1764 491 1834 succedit·
511 1765 704 1848 imploratio
741 1765 817 1848 opis
850 1767 1056 1850 Hispanicae.

111 1887 239 1970 Magno
262 1882 400 1950 fulmine
423 1898 463 1948 ex
481 1897 556 1946 arce
574 1879 737 1946 Vaticana
760 1880 817 1946 illa
839 1879 962 1954 domus
983 1904 1058 1970 per.

111 1973 255 2064 cutitur.
310 1996 363 2064 Ex
388 1994 542 2078 Bapalma
566 1992 656 2060 Galli
682 1993 799 2077 egressi
820 2013 944 2078 poenus
972 1997 1059 2066 Hir-

90 2151 92 2158 ·
112 2094 219 2197 panis
240 2109 412 2176 dederunt.
460 2106 606 2188 Hispani
630 2125 736 2189 vero,
762 2131 860 2189 cuna,
885 2114 960 2197 gelu
990 2111 1057 2178 fre.

110 2227 162 2304 ti,
189 2227 335 2291 Wattatn
354 2239 547 2308 oppugnata
565 2222 709 2303 vellent,
735 2222 847 2291 reiecti
865 2223 955 2292 sunt.
998 2224 1055 2292 In·

112 2339 317 2424 telligimus·⁹
341 2339 468 2405 Ducem
492 2336 655 2402 Bavarum
683 2336 799 2402 callide
822 2351 854 2402 et
876 2338 965 2430 apud
988 2340 1055 2410 Im·

93 2427 295 2536 'potatorem
320 2465 353 2515 et
380 2452 434 2517 hic
458 2450 493 2515 in
508 2449 620 2516 Gallia
650 2448 862 2515 conditiones
885 2471 1056 2534 propone.

15 2567 16 2570 ’
111 2584 170 2644 re,
205 2582 263 2647 per
287 2579 369 2647 quas
395 2562 455 2628 fibi
487 2561 655 2642 consulit,
693 2575 726 2626 et
754 2563 843 2646 apud
874 2564 1070 2648 Imperato-v

110 2698 198 2759 rem,
236 2701 311 2747 cum
350 2676 533 2762 superioris
574 2674 779 2744 Palatiuatus
815 2677 1055 2761 possessionem

109 2795 221 2858 videat
253 2792 419 2874 titubare,
452 2805 685 2876 poturorum,
718 2803 777 2856 aut
809 2791 858 2858 XI
886 2794 1052 2862 milliones

110 2908 197 2974 bello
230 2907 414 2990 impensas,
445 2919 523 2985 aut,
556 2922 639 2986 quas
675 2885 809 2972 antehac
837 2908 977 2988 habuit,
1012 2907 1068 2994 ad·

111 3021 256 3086 Onalum
279 3035 402 3088 terrast
451 3019 597 3084 Turcatn
626 3031 740 3085 autem*
762 3019 797 3094 in
824 3018 928 3086 limito
954 3021 1051 3087 Hun-

109 3133 222 3220 garico
251 3135 392 3202 multum
421 3132 477 3202 sua
504 3149 620 3220 angero
647 3133 812 3216 praefidiat
855 3134 1066 3226 Rempublis

110 3269 178 3317 cam
206 3249 364 3326 ¹Venetam
393 3249 477 3313 clam
502 3248 619 3324 multa,
634 3246 741 3314 facere
765 3248 800 3314 in
826 3249 962 3334 gratiam
985 3249 1050 3315 Im·

108 3365 290 3451 potatoris:
316 3361 419 3428 caesos
434 3361 648 3446 Portugallos
669 3363 758 3428 anille
775 3359 816 3428 atl
832 3344 1048 3444 Talavurauit
1084 3453 1087 3462 Ἰ

77 3546 80 3555 f
109 3478 229 3558 iactare
257 3477 465 3558 Bovarium,
510 3476 753 3556 habiturosse
784 3495 860 3544 vere
892 3479 1051 3561 proximo
1166 3487 1170 3496 ‘

109 3589 190 3658 XIV
215 3589 317 3654 millia
342 3590 534 3670 hominum,
565 3605 684 3673 praeter
714 3611 797 3674 tos,
830 3611 917 3673 quos
941 3592 1068 3682 Impe-¹

111 3705 213 3771 ratori
237 3717 295 3769 aut
318 3706 592 3787 commodarunt,
617 3721 673 3774 aut
691 3707 766 3772 sunt
781 3704 1046 3790 commodaturi:

87 3818 257 3884 ,Austriae
296 3819 440 3886 Ordines
478 3805 788 3904 paullnm'aliquid
818 3815 969 3885 conferre
1007 3820 1050 3886 ad

112 3946 218 4001 tantas
245 3933 459 4019 Imperatoris
486 3933 719 4018 necessitates,
739 3931 884 4004 ‘ducenta
902 3949 935 4002 et
952 3935 1050 4020 quin·

183 4059 186 4064 “
568 4050 594 4115 F
649 4125 650 4130 ἵ
841 4059 846 4072 ·
973 4065 1096 4131 quat*
