3014 5098
236 412 241 416 ’
288 379 595 506 ¹unts'ronnr
640 432 913 523 tunore-ru.
1032 439 1077 520 σς

137 599 196 690 per
222 607 330 672 omnia
356 609 506 688 insistat,
530 607 652 674 bellum
680 621 836 690 praeterea
857 620 889 670 et
912 609 1070 676 tutiorem

136 739 210 786 eum
233 721 381 803 praellet,
404 738 436 787 et
457 723 575 790 multas
601 721 655 787 det
678 725 724 787 rei
748 721 903 786 faciende
923 735 1069 786 commo·

136 836 280 916 ditares,
303 836 452 902 dubitare
473 855 600 920 cogor,
619 855 659 900 an
682 836 775 918 pacis
796 835 962 920 negotium
982 836 1067 901 serio

133 949 284 1017 atGallis
309 965 489 1029 tractetur,
512 967 554 1014 an
578 968 658 1015 vero
684 964 865 1033 praetextus
892 963 1064 1030 quaerant,

132 1035 303 1146 perquer
327 1064 443 1148 pacis,
468 1081 563 1145 quam
588 1062 648 1144 ipsa
675 1081 741 1126 non
767 1064 909 1143 voluat,
935 1063 1067 1128 tardam·

132 1177 183 1242 dae
209 1178 366 1244 invidiam
390 1179 423 1241 ln
449 1178 579 1241 hostem
601 1175 779 1241 declinent.
827 1175 927 1261 Quod
948 1174 971 1240 st
997 1177 1066 1241 bel*

130 1292 201 1356 lum
229 1289 261 1356 in
288 1289 463 1358 Germania
490 1289 568 1356 duci
590 1289 685 1356 etlam
715 1309 732 1353 e
764 1307 797 1353 re
823 1302 873 1352 est
903 1288 1065 1368 Suedica,

131 1404 331 1468 nonhabet>
359 1404 450 1487 quod
478 1404 715 1471 contradicam.
790 1403 848 1468 Sin
876 1419 956 1466 vero
986 1403 1066 1467 Sue-

130 1515 196 1580 diae
221 1530 279 1582 aut
302 1533 441 1606 pareest
467 1517 606 1597 utilior,
639 1531 695 1582 aut
727 1517 858 1582 inullis
887 1515 972 1580 locis
999 1516 1067 1580 bel*

131 1612 532 1727 tum,s01ucitpllmm‚
557 1615 651 1712 quem
680 1647 732 1694 res
758 1629 797 1695 nt
823 1629 975 1694 habitura
995 1628 1065 1692 ext·

130 1756 225 1824 tum,
257 1742 545 1825 Suedit·quidem
587 1742 704 1811 Galliae
743 1742 921 1822 adiuncta,
954 1741 1066 1808 Gallia

130 1877 211 1923 vero
237 1857 304 1942 ipsa
329 1876 386 1942 per
412 1872 467 1922 tot
500 1867 603 1921 nexus
637 1855 792 1937 impedita
816 1875 854 1920 ne
883 1855 923 1919 ad
951 1871 1065 1936 pacem

131 1972 312 2058 perveniat„
377 1972 441 2036 Sed
469 1989 542 2035 cum
577 1987 638 2052 ego
663 1985 777 2032 omnes
811 1967 935 2052 negotii
961 1968 1062 2031 istius

131 2069 279 2150 recessus
297 2099 365 2147 non
384 2083 441 2149 nist
465 2082 657 2148 coniectura
675 2081 847 2163 assequar,
868 2093 976 2146 totum
995 2082 1060 2146 hoe

130 2197 204 2265 Deo
239 2197 420 2279 imprimis,
452 2196 588 2275 deinde,
619 2211 653 2260 et
682 2213 816 2276 eorum,
845 2196 967 2276 quibus
994 2197 1061 2260 hoc

130 2313 339 2380 commissum
364 2327 434 2392 eat,
462 2309 667 2393 prudentiae,
692 2308 859 2389 relinquo.
903 2309 991 2392 Papa
1014 2308 1062 2375 ite

128 2445 181 2492 res
207 2426 334 2491 invenit
358 2425 399 2517 ab
428 2425 567 2490 Urbano
599 2423 775 2485 exhaustas
806 2434 905 2500 atque
934 2423 1060 2488 obaera-

128 2555 203 2619 tas,
226 2554 265 2605 ut
295 2559 313 2604 a
340 2537 590 2603 cavillatoribus
625 2535 755 2600 dicatur
780 2533 940 2616 Papatum
968 2553 1058 2602 acce·

15 2733 20 2740 ,
127 2653 213 2740 pisse
240 2653 297 2718 sub
323 2651 480 2718 beneficio
506 2649 696 2716 inventarii.
753 2647 914 2713 Camillus
940 2647 1060 2714 earet.

125 2768 211 2834 malis
235 2765 372 2832 futurus
399 2764 536 2830 dicitur.
593 2762 705 2828 Finale
735 2755 873 2845 accepto
906 2764 1057 2846 praesidio

32 2875 35 2880 ’
124 2894 220 2946 extra
245 2893 366 2946 metum
388 2897 406 2943 t
428 2877 535 2944 Gallis
557 2890 622 2944 est.
678 2877 904 2961 Hispanorum
933 2876 967 2941 in
990 2879 1056 2942 Ca-
1148 2862 1151 2874 ¹

125 2995 246 3060 talanit
275 2993 474 3070 exercitus,
506 3008 600 3070 quem
634 2989 776 3074 Hispani
802 2992 940 3072 vulgant
965 2989 1056 3070 esse,

122 3106 272 3190 peditum
300 3103 577 3183 sedeciesmille,
601 3103 748 3184 equitum
774 3101 952 3184 quinquies
984 3103 1053 3167 mil·

123 3219 177 3302 ie,
201 3217 254 3284 sed
280 3217 371 3284 Galli
405 3219 511 3282 multo
542 3216 698 3280 minorem
723 3204 790 3279 eale
823 3218 1052 3298 contendunt,

124 3333 249 3400 dieitur
272 3334 319 3397 ire
337 3346 460 3396 'contra
485 3330 650 3396 Salsonam
674 3331 852 3414 oppidum,
878 3330 968 3411 quod
985 3349 1054 3397 uon

97 3447 265 3514 'multum
293 3447 428 3512 abesto
459 3445 653 3511 Bardinone.
709 3443 909 3510 Harcurtius
934 3445 1052 3510 morbo

122 3580 166 3626 an
192 3561 289 3626 rebus
314 3561 460 3626 nondum
483 3563 605 3642 paratis
627 3561 680 3626 hic
709 3561 895 3636 detinetur,
918 3571 950 3621 et
966 3577 1053 3640 mag·

123 3693 188 3741 nus
220 3687 271 3738 est
299 3687 405 3739 metue
441 3692 479 3738 ne
511 3675 663 3741 Catalani
694 3673 788 3738 fidem
814 3683 961 3750 mutent,
993 3670 1052 3749 qul

122 3800 156 3850 et
180 3785 392 3853 Barcinonem
416 3787 536 3854 habent
560 3788 594 3852 in
625 3795 791 3870 potestate
816 3798 849 3849 et
874 3783 985 3850 fauces
1010 3785 1051 3850 il·

121 3899 197 3987 las,
212 3887 279 3984 'per
303 3915 408 3987 quaa,
430 3899 455 3970 li
481 3901 607 3987 velint,
623 3899 728 3971 ⁴Galli
746 3895 887 3968 reditum
904 3899 940 3966 in
960 3897 1052 3964 Lan·

338 4049 340 4054 ,
374 4063 376 4070 .
578 4009 610 4083 Ε
978 4023 1057 4099 gate-
