3050 5096
348 413 496 497 EPIST.
520 434 569 480 nu
595 411 984 514 cnntanTntt.
1077 435 1137 502 119

189 598 263 654 tunt
290 585 347 652 hle
372 586 569 666 victoriam,
604 585 777 650 utinam!
822 586 913 668 quod
944 587 1040 654 etiam
1074 609 1131 670 per

189 719 238 768 me
263 701 341 766 illis
357 701 457 782 licet,
489 700 589 766 modo
614 699 705 766 suam
730 699 865 780 dicant,
900 703 991 784 quod
1013 703 1046 768 in
1069 705 1146 771 Bu?

187 817 376 883 noricorum
404 817 504 901 tergis
531 827 646 880 notata
668 826 732 880 est.
782 813 925 899 Quidam
948 832 1053 884 tamen
1072 839 1128 904 ag·

186 908 339 996 noscunt·
365 930 528 996 inflictum
549 929 678 996 Buvtro
701 929 851 1009 vulnus,
888 930 940 995 sed
971 935 1061 1014 leve,
1093 947 1127 998 et

186 1046 243 1108 eui
268 1045 387 1110 medela
411 1044 446 1110 in
467 1057 629 1126 promptu
651 1040 704 1107 stt.
750 1041 884 1124 Nobis,
906 1063 972 1111 non
987 1047 1124 1112 incertis

132 1163 134 1172 '
185 1157 378 1239 indicibus,
411 1157 559 1238 constat,
592 1157 721 1224 Ducem
746 1155 958 1254 Anguianum
985 1163 1123 1242 palmum

182 1272 304 1358 egregii
323 1270 486 1339 facinoris
506 1270 711 1352 obtinuisse3
738 1270 860 1354 quibus
881 1269 960 1337 ver'o
979 1272 1124 1350 circum·

180 1384 308 1450 strutiis
336 1405 387 1452 res
418 1400 493 1454 actu
526 1384 586 1468 fit,
610 1385 696 1450 inter
724 1385 887 1450 variantes
922 1386 1119 1466 relationes,
1161 1415 1165 1420 ·

180 1517 272 1566 nuno
298 1501 436 1566 scribere
461 1517 603 1586 nequeo.
649 1498 705 1566 Ad
727 1517 790 1565 vos
812 1500 909 1572 etiam
936 1519 1028 1582 aeque
1049 1501 1118 1565 cito

178 1631 257 1693 res,
281 1629 319 1678 ut
343 1613 530 1700 gestaret,
554 1613 740 1695 deferetur,
774 1635 846 1697 quae
872 1615 959 1680 forte
989 1613 1119 1696 poterit

176 1727 224 1792 1).
238 1727 366 1794 Vestrae
394 1729 499 1796 eul'am
525 1729 668 1812 praebere
694 1727 835 1794 adeundi
868 1728 1039 1794 ministros
1059 1745 1118 1819 re·

176 1840 527 1924 giosrtestandiqne,
551 1845 585 1908 in
612 1841 725 1908 caussa
753 1843 942 1921 communi,
967 1859 1115 1906 commu·

118 1993 147 2014 ,κ
173 1969 215 2018 tre
244 1955 421 2038 gaudium!
469 1955 572 2038 Quod
595 1956 673 2020 dum
700 1953 759 2034 fit,
785 1969 817 2018 et
843 1953 979 2018 subinde
996 1955 1031 2018 in
1047 1955 1111 2018 hoc

173 2080 281 2136 rtrum
316 2067 400 2134 statu
444 2069 532 2136 utile¹
565 2065 666 2134 fuerit
700 2067 881 2151 perspicere
918 2083 950 2132 et
979 2067 1137 2160 videre„

174 2198 244 2261 quo
258 2182 393 2248 oonsslia
415 2184 532 2251 Gelliae
546 2185 718 2250 inclinent.
755 2185 841 2250 Sunt
864 2182 921 2264 qui
941 2182 1029 2244 credi
1050 2199 1112 2246 vo·
1133 2161 1135 2169 '

102 2294 272 2373 flunt,
301 2308 333 2359 et
366 2298 541 2362 Caesarinni
570 2298 665 2362 etiam
703 2299 780 2362 hinc
814 2295 889 2361 inde
917 2295 1111 2376 publicant,

169 2404 314 2470 iecretos
349 2399 511 2472 trecentus
542 2411 652 2474 haberi
683 2410 883 2488 Monasterii
911 2410 996 2472 inter
1024 2411 1110 2490 lega·

167 2517 277 2585 'tiones
301 2521 463 2587 Gallicam
477 2510 510 2585 et
539 2523 749 2602 Bovarium,
775 2525 873 2604 inque
893 2542 968 2586 eum
989 2521 1107 2599 finem,

170 2647 351 2716 repente
380 2621 476 2714 uoto,
520 2637 696 2716 utriusque
733 2636 837 2718 partis
879 2633 942 2700 srve
981 2637 1107 2718 legatos

112 2815 116 2822 ,
167 2747 232 2814 five
248 2749 392 2824 nuncios
410 2768 609 2832 commeate,
634 2769 722 2814 nunc
740 2749 864 2814 solenni
883 2749 952 2814 ritu
970 2763 1002 2812 et
1020 2750 1109 2814 clara
1172 2834 1179 2843 ,

164 2863 239 2927 luce
264 2861 351 2944 diei,
376 2883 463 2928 nunc
494 2878 591 2930 nocte
620 2865 787 2930 concubia
810 2880 842 2928 et
869 2863 1015 2930 occultis
1035 2861 1104 2930 adi·
1173 2873 1174 2876 ’

163 2975 257 3043 tibus
288 2977 453 3057 locisque.
500 2978 624 3044 Verum
656 2997 719 3072 nos
746 2978 839 3042 fidem
866 2963 989 3040 talibus
1023 2950 1119 3057 prae·¹

162 3085 273 3152 sertim
300 3091 499 3156 relatoribus
532 3093 637 3158 adhuc
667 3091 784 3158 habere
809 3109 875 3154 non
904 3090 1102 3170 potuimus3

163 3219 269 3282 neque
298 3216 337 3267 ut
366 3203 561 3278 habeamus,
596 3203 741 3270 caussam
770 3193 1008 3296 expectamus.'
1034 3264 1044 3284 ‚
1067 3202 1104 3267 Si

162 3315 266 3381 D.v.
297 3318 494 3384 intellexerit
522 3319 583 3384 tale
609 3317 689 3402 quid
717 3316 856 3402 agitari,
887 3315 987 3383 faciat
1013 3337 1103 3400 quae·

161 3429 197 3495 so
224 3449 287 3496 nos
316 3434 517 3516 suspicionis
546 3435 598 3499 vel
619 3432 736 3499 indicii
760 3431 810 3498 sui
832 3427 1003 3499 certiores.
1051 3431 1099 3498 D.'

160 3544 308 3631 Legatus
338 3545 517 3642 Serviens‚
545 3547 683 3613 biduum
708 3548 761 3612 hic
794 3547 966 3628 versatus,
999 3547 1099 3612 hodie

160 3661 280 3742 repetit
299 3661 554 3729 Monostetium.
601 3661 781 3739 ESuedia‚
795 3660 832 3724 de
853 3674 997 3726 tractatu
1016 3675 1098 3724 nos-

161 3785 213 3837 tro
239 3797 312 3842 cum
335 3775 462 3856 Derris,
486 3777 569 3844 nihil
596 3778 676 3843 certi
697 3758 783 3840 nunc
807 3776 978 3841 habemus.
1024 3775 1104 3841 Per·
1140 3815 1152 3826 -

158 3886 292 3954 hibetur
325 3902 431 3956 tumen
461 3889 521 3954 ianr
547 3889 614 3953 esse
642 3892 695 3954 vel
721 3892 914 3972 conclusio,
944 3891 994 3958 vel
1019 3909 1101 3954 con-

400 3995 402 4003 ‘
588 4003 621 4068 tl
643 4025 664 4083 4
960 4045 964 4054 ι
1030 4003 1102 4067 clu·
