3030 5102
276 431 909 508 'uprsrormzrusotrm
1030 449 1070 514 29
1169 407 1173 418 '

133 611 190 678 iric
216 609 296 674 velit
319 607 459 671 sumere:
477 605 568 683 'quas
601 620 656 666 rex
681 621 801 685 magnae
829 600 1006 671 Britanniae
1029 600 1068 666 stt

133 724 346 791 exsoluturus
362 720 426 784 ubi
448 717 670 799 domijpacem
694 717 863 796 habuerit,
889 716 980 798 quod
1002 717 1070 798 ipsc

133 840 182 902 ait
215 837 366 901 futurum
399 831 640 896 inminentes
675 845 755 894 tres.
831 832 901 896 Sed.
925 851 1070 918 magnam

134 949 220 1035 spem
247 948 409 1030 posuerat·
430 948 463 1011 in
485 947 587 1028 Rege
614 944 749 1023 Dedin,
775 945 873 1010 cuius
897 965 949 1010 res
978 963 1067 1012 nunc

135 1083 175 1127 eo
202 1063 278 1128 sunt
302 1065 400 1139 loco,
425 1077 464 1125 ut
484 1079 551 1123 non
573 1057 612 1123 stt
630 1058 660 1120 ei
684 1060 789 1122 orium
817 1047 1066 1128 alicna'curare.

134 1177 176 1242 111
201 1176 322 1261 Anglie
348 1174 508 1240 Carlilius
537 1187 569 1236 et
587 1191 662 1236 eum
688 1189 727 1233 eo
749 1171 826 1251 alii,
845 1172 954 1238 minus
981 1169 1070 1257 opud

134 1290 256 1374 Regem
269 1290 437 1355 'honorati
456 1305 552 1367 quam
572 1285 799 1366 speraverant,
823 1284 1070 1355 arenianes.

136 1405 245 1469 turios:
258 1399 423 1468 desecetur
450 1400 572 1466 crebris
602 1399 694 1462 utin
725 1397 818 1462 civili
848 1397 935 1464 bello
962 1414 1068 1466 trans·

134 1516 261 1602 fugiis,
284 1519 330 1583 ait
359 1515 512 1582 Tacitus.
568 1511 795 1578 Hamiltonius
819 1526 851 1576 et
877 1514 972 1580 amici
995 1515 1068 1580 eius

136 1631 300 1714 putarentur
340 1626 508 1694 collusisse
546 1645 622 1692 cunt
669 1625 805 1705 Scotis‚
853 1643 885 1692 et
921 1629 1005 1711 passa
1038 1631 1068 1695 se

138 1745 302 1825 damnari,
322 1759 386 1824 ut,
416 1762 457 1807 eo
481 1739 552 1827 ipso
578 1740 673 1806 fidem
700 1741 788 1804 nacti
820 1741 909 1820 apud
928 1742 1069 1827 Regem,

137 1877 254 1926 eterna
278 1858 350 1922 eius
375 1859 595 1940 explorarent.
664 1854 752 1936 Papa
776 1852 863 1918 duos
888 1873 996 1920 novos
1021 1854 1069 1922 fe·

137 1974 184 2037 cit
209 1973 431 2050 cardinales,
480 1971 616 2034 aiterum
649 1968 800 2032 Baliarum
837 1967 1069 2050 Valenctcum,

138 2086 272 2151 Gallum
299 2084 473 2168 genterqui
496 2082 557 2165 ipsa
578 2084 718 2161 militat,
743 2083 880 2146 alterurn
899 2067 1067 2150 iesuitam.

140 2198 289 2264 Snbauda
312 2217 379 2261 non
411 2196 587 2262 vuirsuas
618 2195 810 2262 resGalliae
839 2197 1067 2277 committere,

138 2311 191 2377 sed
212 2311 282 2396 ipsa
304 2331 362 2395 per
382 2312 458 2376 suos
486 2314 543 2377 sua
569 2327 662 2394 agere
689 2311 724 2374 in
746 2325 913 2377 conventu
932 2312 1071 2378 Monae-

138 2425 278 2491 teriensr.
345 2425 534 2508 Episcopus
562 2421 763 2491 Basrieenfis·
786 2427 920 2492 tutelam
950 2427 1071 2508 implo-

138 2557 188 2606 rat
215 2539 459 2604 Helvetiorum.
528 2537 606 2602 Dux
636 2536 812 2602 Bulionius
840 2537 988 2602 obtinere
1014 2540 1068 2606 hic

141 2671 208 2718 non
227 2665 375 2733 potest,
402 2665 439 2717 ut
463 2664 617 2731 tanquam
639 2650 797 2734 Princeps
825 2651 956 2734 Imperii
986 2669 1071 2720 trac·

140 2779 241 2832 tetur.
310 2763 392 2847 Spes
436 2761 593 2830 faciendae
635 2765 783 2849 pecuoiae
817 2767 870 2832 hic
916 2765 975 2832 fita
1019 2782 1071 2837 est

139 2881 172 2945 itt
210 2879 308 2946 novis
338 2878 557 2968 dignitatibus
588 2879 750 2965 erigendis
781 2877 813 2944 e't
854 2881 887 2945 itt
919 2881 1070 2946 territan-

138 2994 211 3073 dis,
250 3009 288 3059 ut
325 3011 442 3076 magno
467 2992 496 3056 se
525 2970 705 3073 redimant,
742 2994 810 3072 iis,
838 2992 896 3073 qui
932 2994 1072 3074 pecuni-

139 3125 174 3172 as
211 3106 362 3188 publicas
398 3120 596 3170 tractarunt.
644 3107 845 3192 Harcurtius
878 3107 912 3171 in
949 3083 1076 3190 Anglia'

139 3221 178 3285 de
214 3237 294 3302 pace
326 3221 411 3284 inter
444 3219 564 3304 Regem
595 3231 627 3282 et
668 3219 909 3314 Parlamentum
948 3219 1070 3283 consti·

139 3334 261 3402 tuenda
296 3353 391 3416 prone
436 3334 635 3415 dei'perans,
677 3331 715 3394 de
764 3328 870 3394 federe
910 3349 1070 3398 renovan-

140 3445 184 3514 do
216 3460 250 3512 et
283 3447 430 3534 augendo
455 3465 529 3513 cum
557 3445 645 3529 Rege
669 3459 806 3510 acturus
833 3459 903 3524 est,
928 3458 965 3509 ut
997 3444 1070 3526 qui-

141 3561 211 3628 dem
233 3560 287 3628 hic
313 3563 449 3628 dicitur.
516 3562 630 3639 Deus,
658 3557 881 3646 Illustrisjtime
906 3556 1070 3638 Domine,

140 3675 353 3742 Excellentiae
370 3676 496 3742 Vestrae
521 3675 576 3740 det
595 3675 703 3739 omnia
719 3691 890 3756 prospera.
925 3671 1069 3735 Lutetiae

142 3781 372 3934 ffitanuarti
394 3817 632 3879 ctutncxmv.
728 3889 734 3897 ,
769 3813 855 3877 Ere.
877 3810 921 3877 V.

588 3928 741 3996 inservire
762 3924 983 4007 paratissimus

717 4033 763 4098 tt.
797 4034 1024 4100 Gnosius.

990 4123 1072 4189 ilis·
