3014 5098
323 419 630 494 nots‘ronra‘
660 423 931 525 inanitae.
1059 445 1104 515 ς,

166 593 364 667 Lemovices
393 611 425 662 et
456 597 530 660 loca
560 594 690 660 vicina:
737 595 894 662 machinae
925 583 1106 664 multae‘ad

76 784 80 789 ,
166 712 319 778 tuendam
356 695 664 795 Gravelingam'et
707 711 928 796 oppugnanda
971 714 1107 778 castella

166 826 323 912 quarelam
338 825 423 908 apud
447 825 673 910 Borburgut'n.
718 826 750 890 Α
778 823 1001 920 Francofurto
1026 845 1103 907 quae

165 923 328 1008 discimus
355 942 424 1035 hac
448 939 537 1005 sunt.
605 941 724 1023 Neque
746 938 857 1004 literae
885 955 989 1018 neque
1014 955 1106 1004 com*

164 1069 304 1122 meatum
333 1068 409 1119 tuto
438 1057 534 1119 -ultra
565 1053 776 1139 perveniret
805 1052 932 1122 Vienna
963 1049 1003 1116 ad
1031 1069 1106 1116 curn

106 1221 108 1232 .
167 1172 226 1252 qnl
275 1165 334 1236 sub
367 1168 497 1236 Gotzio
541 1183 593 1233 est
634 1169 834 1245 exercitum,
877 1164 932 1232 sed
970 1169 1104 1236 manda·

163 1283 474 1372 tumUBouchamiQ
501 1295 539 1347 ut
559 1282 645 1348 viam
669 1279 730 1352 sabi
746 1278 866 1346 faceret
890 1271 1022 1348 obviam
1046 1281 1106 1354 fibi

163 1397 278 1478 ituro,
309 1409 402 1480 parte
421 1395 586 1463 Gotziani
605 1397 800 1476 exemtus,
835 1414 948 1462 verum
972 1397 1105 1482 pericu·

162 1510 230 1580 ium
272 1511 302 1576 ei
344 1509 410 1574 esse
447 1510 675 1596 ab2agricolis
714 1511 847 1577 infestis
883 1509 1099 1592 Imperatoria

163 1625 253 1708 apud
287 1625 389 1690 Saros
421 1638 546 1707 partem
581 1624 757 1691 Caesariani
789 1625 980 1704 exercitus,
1029 1644 1102 1706 quae
1186 1615 1189 1622 ’

164 1747 233 1804 erat
258 1739 292 1804 in
319 1739 443 1824 agmine
466 1739 605 1819 ultimo,
629 1739 792 1805 concisam
818 1723 1100 1810 cRaltoc'zirnisa

162 1873 181 1920 a
215 1850 313 1918 Bassa
348 1867 455 1918 autem
499 1851 621 1920 Offenss
657 1851 726 1918 dari
758 1853 847 1934 spent
883 1853 1102 1932 cesarianis,

161 1967 256 2048 fore,
277 1981 315 2033 ut
339 1966 536 2035 Raltoczius‘
556 1985 597 2032 ex
622 1967 693 2041 illis
715 1966 867 2050 partibus
895 1968 986 2032 abeat
1011 1967 1106 2035 finntl

162 2083 203 2146 ab
228 2081 428 2161 Imperatore
450 2081 589 2166 Legatio
609 2080 736 2146 venerit
756 2079 1104 2161 Constantinopolim,

161 2193 356 2278 Hispanos,
374 2195 432 2278 qui
449 2193 664 2261 Francoiurti
682 2193 775 2276 sunt,
797 2213 929 2280 magnas
948 2193 1023 2260 liare
1041 2193 1108 2258 Da·

160 2310 197 2373 ni
229 2308 412 2374 victorias:
461 2308 533 2392 spes
560 2309 709 2394 ingentes
735 2311 773 2376 de
797 2310 981 2378 Gallassm:
1030 2327 1105 2374 curn
1128 2337 1155 2366 ·.

158 2422 196 2487 in
228 2436 419 2502 conventu,
461 2423 520 2502 qui
555 2421 768 2489 Francoinrti
798 2425 904 2490 adhuc
934 2413 1039 2488 manet
1071 2435 1107 2488 et

161 2535 331 2601 mansurus
346 2551 347 2554 ’
360 2535 514 2615 videtur,
552 2536 586 2600 in
610 2537 762 2603 manibus
791 2537 984 2602 deliberatio
998 2535 1104 2624 ‘esset

137 2650 259 2732 inpar
284 2650 406 2716 litteris
432 2651 615 2734 legatorum
637 2633 666 2714 e¹
683 2650 818 2730 Gallia,
842 2649 1025 2718 ostendisse
1057 2651 1102 2712 le·

147 2778 262 2849 gatos
290 2762 517 2846 Austriacos,
559 2778 719 2846 quantum
750 2764 945 2850 Imperatori
971 2763 1104 2848 'semper
1131 2762 1144 2788 ”
1193 2777 1195 2782 ·

160 2897 226 2962 pax
253 2875 347 2946 cordi
375 2876 497 2958 fuerit,
526 2877 577 2942 sed
603 2878 727 2962 limpor
751 2880 923 2944 interiecta
948 2898 965 2944 a
990 2877 1100 2959 Gallis

160 2990 412 3070 impedimenta,
438 2992 620 3072 lpraeoipae
649 3011 728 3058 vcro
755 3013 841 3059 anno
873 3005 1100 3068 Clolocxllxr

162 3093 392 3184 iure'q'uidem
424 3103 520 3184 posse
542 3108 692 3172 revocari
721 3109 787 3174 toti
818 3107 946 3173 itineris
971 3111 1101 3178 tabulas

161 3213 317 3282 adversus
339 3235 419 3296 eos,
443 3217 504 3298 qui
529 3231 594 3284 tam
626 3223 813 3302 procaciter
843 3235 961 3288 contra
994 3223 1101 3307 Impe-

160 3347 262 3394 raretn
300 3331 526 3414 scripsissent,
572 3331 625 3397 sed
661 3335 893 3424 Imperatorem
927 3311 999 3404 hoc⁸
1027 3310 1117 3406 solo'

161 3445 355 3508 contentum
389 3444 484 3527 fore,
514 3447 538 3514 fi
569 3449 751 3516 ostendunt
780 3451 912 3534 Imperii
939 3454 1099 3534 ordines,

160 3567 349 3638 cam‚-qt‘1ae
377 3560 479 3641 capiti
506 3559 594 3626 facta
616 3576 691 3643 est,
723 3565 877 3631 iniuriam
903 3568 942 3630 ad
971 3584 1099 3648 corpus

158 3681 270 3734 totum
305 3670 477 3754 pertinere.
545 3675 782 3744 Bavaricorunr
816 3683 998 3764 legatorum
1031 3679 1100 3746 sen-

161 3782 262 3848 tentia
288 3781 379 3867 fuit,
412 3790 598 3856 retrahenda
627 3792 738 3858 omnia
769 3793 937 3862 literarum
967 3796 1099 3862 illarum

162 3901 331 3983 exempla,
354 3915 387 4002 et
410 3903 604 3971 remittenda
620 3906 737 3992 legatis
756 3907 921 3992 Gallicis,
944 3931 1017 3978 cum
1044 3929 1100 3976 rat·

1017 4042 1097 4106 pro·
1166 4051 1169 4060 ¹
