3030 5102
164 511 168 521 ,
270 429 900 518 unrs'roumruuurrm.
1026 471 1068 537 ³2

128 623 268 702 mittrre.
314 619 432 686 Veneti
461 617 582 704 legati,
619 621 675 703 qui
696 621 829 688 antehac
858 625 900 690 ad
924 624 1064 706 primum
1160 615 1164 624 “

62 749 70 758 ·
129 734 308 822 ingressum
340 735 421 800 ouiae
452 733 528 800 duci
558 723 575 800 t
607 734 758 818 Principe
791 753 859 802 non
892 735 1061 819 solebant,

128 868 217 918 nunc
242 852 382 916 multum
408 845 546 912 rixando
569 849 758 929 obtinuere,
786 849 854 916 dari
873 848 933 915 srbi
959 852 1061 920 comi-

126 949 195 1034 'tem¹
217 955 343 1050 Duce'm
359 945 554 1066 Elboyium.
602 960 686 1028 Sunt
711 963 795 1028 eninr
813 963 932 1030 Veneti
955 966 989 1030 in
1004 967 1069 1030 -iist

45 1081 59 1100 ²
126 1099 200 1162 quae
236 1077 275 1141 nd
310 1077 468 1142 honorem
509 1076 674 1162 pertinent
707 1076 803 1166 supra
840 1077 924 1143 alios
957 1077 1056 1142 anxii.
1114 1089 1118 1096 '

125 1191 342 1275 Landgrttviae
375 1191 470 1271 supra
498 1188 697 1270 promissum
725 1190 800 1256 data
831 1189 908 1256 suut
930 1191 1057 1258 CCCC

125 1305 281 1372 librarum
314 1304 544 1370 Francicttrurn
571 1302 670 1368 miliia
695 1301 735 1368 ad
766 1293 931 1389 augendo's
955 1301 1059 1370 delec-

126 1433 195 1488 tus.
233 1408 366 1486 ‚Minio
390 1418 535 1500 pecuniae
552 1433 610 1498 per
632 1419 736 1484 mults
760 1417 903 1483 mittitur
923 1416 999 1482 hinc
1018 1421 1060 1482 nd

125 1531 324 1600 resarcienda
347 1529 452 1598 cladis
474 1545 607 1613 accepta
626 1531 723 1596 malr.
769 1531 906 1594 Manent
926 1527 1058 1594 dissrdit

125 1648 213 1750 inter
237 1647 362 1713 Ducem
386 1646 596 1730 Anguittnum
622 1657 656 1708 et
682 1640 848 1717 Guissuru.
894 1640 1054 1708 Cardinr·
1104 1637 1105 1644 ’

125 1761 169 1826 lis
189 1761 381 1848 Muzurinur
394 1806 415 1853 ,Ι
433 1771 549 1840 ptaetcr
564 1769 756 1840 'equestrem
784 1770 923 1824 nuncet
942 1755 1057 1840 pedes·
1078 1755 1081 1774 ⁴

125 1889 193 1940 tres
220 1875 390 1942 custodias
412 1873 473 1939 fiiri
499 1871 703 1950 circumdat,
727 1870 881 1952 vivitque
904 1870 939 1936 in
968 1889 1057 1958 mag*-
1108 1879 1110 1882 ’

126 1987 169 2052 r'ro
194 2005 296 2056 ructu.
342 1988 511 2054 Nobilitas
535 1987 705 2065 Pictunia,
730 2003 802 2065 quae
829 1983 869 2050 ad
885 1984 1075 2052 sublevant·-

76 2183 78 2190 Α
125 2101 197 2165 dam
217 2099 343 2181 plebem
367 2101 513 2179 coierat,
537 2096 709 2180 discessit,
732 2097 785 2164 sed
803 2097 849 2164 ita
864 2109 902 2164 ut
920 2097 1007 2164 inter
1021 2096 1053 2164 sc

125 2213 308 2300 pepigerint
334 2212 460 2293 redire,
483 2210 506 2278 st
530 2213 622 2297 plebs
643 2231 714 2280 non.
728 2211 928 2280 sublevatur.
973 2211 1053 2278 Par·

75 2355 78 2364 ‚
124 2329 300 2394 lamentum
335 2325 574 2392 Paristeusein
605 2327 639 2394 id
672 2327 822 2408 laborat,
862 2339 901 2396 ut
931 2327 1053 2394 creatio

123 2460 288 2508 novorum
308 2441 440 2506 Ducum
460 2455 492 2506 et
516 2425 843 2506 Parium'diffcrntur
865 2438 1052 2519 usquedum

124 2543 197 2620 Rex'
227 2555 266 2620 fit
293 2553 356 2619 suae
385 2554 509 2642 tuteiae.
555 2550 647 2618 Miiit
680 2553 743 2642 huc
771 2550 883 2624 Melos
915 2550 956 2616 ad
978 2569 1051 2632 per·

123 2667 300 2735 mutandos
337 2667 507 2750 captivos.
579 2665 712 2732 Tolosae
748 2667 859 2732 multae
900 2665 1053 2752 mulieres
1119 2679 1123 2685 ’

124 2796 277 2864 tanquam
302 2779 454 2846 maleficae
480 2779 743 2860 comburuntur,
769 2777 860 2862 quod
882 2777 966 2862 saepe
981 2775 1056 2844 ficri
1152 2863 1156 2868 ¹

55 2893 65 2898 ”
121 2892 225 2974 solet,
253 2894 493 2963 ubiiactioncs
521 2895 657 2964 suntin
686 2894 798 2976 aliqua
831 2875 923 2960 u'rbe·
969 2892 1053 2959 Non

122 3009 228 3090 piacet
251 3009 306 3073 hic
329 3009 495 3074 Volencaei
529 3010 699 3093 promotio
732 3009 767 3074 in
802 3005 1054 3075 Cardiualitiam

31 3129 35 3135 “
121 3119 324 3204 dignitatem.
371 3122 451 3188 Dux
470 3121 712 3189 Aurelianensis
738 3125 854 3208 vulgat
873 3120 904 3187 se
926 3120 1054 3186 iturum
1114 3151 1116 3154 ·

119 3253 193 3300 cum
221 3211 366 3304 exercitu
393 3235 428 3300 in
463 3233 543 3304 finer
575 3235 728 3322 Belgicus
764 3235 915 3302 adiutore
929 3233 1053 3300 ‘Milie-

9 3429 10 3432 Ἴ
121 3349 202 3412 taio.
260 3348 345 3414 Sunt
374 3365 412 3414 cr
433 3349 474 3429 [in
505 3348 656 3420 Picardio
683 3364 716 3416 et
743 3350 822 3416 aiibi
850 3333 1080 3426 seditioner,'

120 3462 213 3530 utin
240 3464 368 3547 populo
400 3463 541 3544 mobili,
572 3479 603 3529 et
634 3462 788 3550 regimine
815 3461 963 3530 infirmoss
1013 3461 1054 3526 ln

121 3575 357 3663 Langutdocia
375 3578 635 3662 proBatbarinic
651 3579 744 3646 miles
755 3579 923 3645 scribitur.
952 3575 1053 3656 spar-

82 3680 87 3687 ’
114 3690 210 3774 gitur
241 3691 293 3758 hic
327 3709 439 3770 rumor
471 3695 661 3778 mulceudae,
680 3693 769 3778 picbi
797 3690 835 3756 dc
864 3688 1053 3757 rebellionis

119 3804 189 3868 bus¹
209 3804 481 3874 Americanorum
516 3824 634 3874 contra
665 3807 865 3889 Hispanum.
921 3802 1052 3872 Addam

121 3916 174 3982 his
201 3919 299 3987 rebus
324 3921 372 3988 ita
396 3939 445 3992 me
466 3922 606 3996 ,censere
636 3923 765 4008 tempus
793 3919 861 3990 erse
887 3937 1051 4008 opportu·

520 4037 593 4102 &c
650 4050 654 4054 “
841 4041 842 4046 ’
979 4054 1058 4104 num
