3030 5102
320 361 619 483 snrstonur
663 405 936 480 russorum.
1056 427 1099 495 ³9

158 583 269 671 gioria
292 581 493 651 Reformatae
514 579 674 668 delegati,
705 581 764 664 qui
785 581 839 647 hic
860 592 976 662 erant,
1003 589 1095 646 metu

90 733 92 740 1
156 717 197 766 ne
228 700 356 784 aliquid
393 701 457 766 tric.
485 707 675 778 moverent,
714 693 793 760 iusti
828 692 904 760 sunt
937 694 977 760 ab
1011 697 1093 762 urbe

158 813 338 880 discedere.
407 815 621 898 Mainunganr
657 812 692 877 in
730 822 928 893 potestatem
964 810 1092 876 venisse

156 926 463 1018 Hazfeidianorum.
529 929 644 1008 Deus,
673 921 898 994 illustrisiime
926 924 1091 1004 Domine,
1194 945 1199 952 ·

154 1018 242 1110 Exc.
270 1041 315 1106 V.
344 1042 398 1111 det
416 1033 529 1112 'omnia
549 1040 784 1126 prosperrima.
849 1039 1018 1123 Lutetiae,
1042 1059 1091 1108 xx
1116 1059 1119 1068 ’

154 1154 337 1224 Februarii.

760 1264 892 1336 tacut.
914 1265 961 1334 V.

595 1377 751 1449 inservire
778 1377 1005 1464 paratissimus
1037 1371 1042 1382 '

738 1493 786 1563 Η.
813 1495 1046 1564 Gaorrus.
1087 1530 1094 1544 ι
1193 1557 1196 1564 ,
1233 1479 1235 1486 ’

191 1720 315 1789 ¹Decem
347 1738 446 1788 neves
475 1717 769 1807 longae-Messanae
800 1737 982 1805 parantur,
1006 1721 1090 1790 toti·

153 1835 225 1902 dem
244 1835 395 1902 Touloni
420 1835 460 1900 ad
483 1836 562 1902 usus
591 1837 787 1904 Catalaniae.
833 1838 957 1912 Verum
983 1841 1087 1904 maius

149 1951 204 2017 tric
220 1967 334 2016 rumor
352 1964 427 2032 est,
449 1944 503 2016 sed
518 1943 625 2016 adhuc
644 1949 829 2030 incertior,
852 1948 890 2015 de
908 1952 1089 2018 Cottianiae

150 2063 336 2132 defectione
357 2077 469 2146 tanta,
489 2077 528 2131 ut
545 2064 766 2130 Marescallus
785 2063 899 2129 Morta
918 2063 1088 2132 Odincur·

149 2178 220 2244 tius
259 2191 408 2272 coactus·
439 2177 548 2248 sitast
584 2178 619 2244 in
651 2178 885 2264 Perpiniantrm
919 2175 1087 2259 recipere,

148 2291 241 2358 Galli
259 2292 379 2358 milites
396 2291 432 2357 in
448 2291 730 2380 Languedocianr.
764 2291 908 2374 Hispani
933 2281 1089 2374 populati

149 2405 226 2471 sunt
248 2424 283 2472 ea
307 2425 380 2486 quae
407 2404 542 2471 suntin
568 2405 719 2472 Picardia
746 2407 834 2487 apud
860 2406 985 2471 Ferarn.
1048 2406 1090 2472 In
1166 2437 1168 2446 ⁴

149 2519 356 2585 Normnnnia
386 2530 498 2582 motus
535 2517 633 2599 sunt,
677 2518 801 2602 quibus
836 2517 1087 2608 compescendis

148 2631 270 2696 milites
288 2629 482 2723 mittuntur,
527 2632 761 2715 Espernonius
778 2646 810 2696 et
825 2629 1086 2698 vendocinenfis

150 2741 229 2810 iussa
259 2743 295 2807 in
323 2744 428 2809 auiam
449 2741 583 2826 venire,
605 2745 769 2813 cavebunt
792 2743 850 2810 srbi
877 2739 1087 2810 reveniant.

121 2939 124 2946 Ι
148 2857 231 2924 Haec
259 2873 327 2922 non
350 2857 537 2942 impediunt
562 2857 645 2926 han'c
678 2841 813 2940 aulum,¹
839 2859 1018 2942 quominus
1053 2873 1087 2924 et

147 2954 377 3038 Mediolanum
402 2985 436 3037 et
462 2991 589 3040 ornnem
614 2974 740 3041 circum
771 2989 886 3038 terram
911 2970 1088 3055 promittat

145 3083 306 3168 Princeps
332 3083 493 3152 Thomas.
562 3087 637 3166 Est
654 3087 709 3154 hic
734 3089 862 3174 legatus
894 3105 912 3152 a
941 3087 1080 3154 Genua:
1113 3065 1117 3084 '

146 3217 228 3266 non
243 3199 375 3264 introiit
399 3199 535 3281 urbem,
556 3200 633 3282 quia
659 3217 727 3264 non
751 3215 804 3266 est
832 3213 961 3266 nactus·
976 3201 1085 3264 hono·

145 3314 224 3393 res,
254 3332 341 3396 quos
368 3314 522 3403 volebat„
562 3314 743 3398 Imperator
764 3314 889 3382 dicitur
906 3327 986 3378 octo
1011 3311 1092 3377 mil·.

146 3426 191 3492 lia
223 3428 365 3494 militurn
396 3429 525 3496 mittere
558 3427 736 3495 Hazfeldio
773 3429 813 3494 nd
850 3445 944 3510 opem
980 3423 1086 3503 feren·

148 3540 365 3608 damDanot
413 3544 448 3609 in
487 3544 628 3611 Austris
659 3557 766 3609 autern
799 3542 945 3608 delectus
978 3540 1084 3604 facore

145 3661 262 3724 contra
288 3657 521 3744 Ragoskiumt
572 3657 645 3722 Rex
666 3649 877 3743 Portugaliiae
903 3653 1084 3719 exercitum

147 3791 279 3853 parare,
302 3770 361 3856 qui
384 3784 475 3838 exeat
498 3752 777 3852 mense,Martio‚
801 3785 833 3836 et
853 3769 1018 3836 Galeones
1043 3767 1084 3831 ad

40 3881 44 3888 '
149 3884 326 3971 augendam
339 3885 485 3952 cirssem.
515 3881 1084 3982 Publicanturhictumores‚sem·

131 4006 132 4010 ’
580 4001 654 4081 Ca
727 4003 728 4010 ’
1026 4009 1084 4074 per
