3030 5094
290 421 599 497 EPISTOLAE
642 421 924 495 INEDITAE.
1062 431 1104 502 5*

182 596 264 666 Vidi
294 617 448 682 patruum
476 595 556 660 novi
587 592 689 680 Regis
712 595 837 661 Ducem
861 592 1100 666 Aurelianum,
1207 593 1211 608 ¹

65 699 72 712 '
139 709 227 793 sem,
258 713 484 778 commendavi
515 711 543 781 ei
571 729 621 776 tes
646 726 793 774 nostras.
835 705 984 774 Dixit'se
1003 723 1077 787 pet·

140 823 293 890 stitutum
319 827 352 891 in
376 826 521 894 consiliis
545 837 578 888 et
599 822 754 892 amicitiis
777 817 891 885 fratris
909 817 1074 886 defuncti.

138 935 291 1004 Feceram
316 954 349 1004 et
375 937 542 1006 foederum
567 936 786 1015 mentionem,
822 933 874 998 sed
898 934 936 998 de
959 934 1001 998 iis
1020 933 1096 1033 ille¹

138 1050 236 1116 nihii.
284 1051 403 1121 ,Nove
429 1052 620 1120 coniuratio
644 1052 773 1116 detecta
798 1064 850 1116 est
877 1049 911 1114 in
942 1048 1075 1115 Catale-

137 1163 192 1228 nia
218 1179 334 1232 contra
358 1165 502 1246 Gallos,
535 1181 567 1230 et
598 1179 636 1230 ut
669 1163 802 1245 quidam
834 1164 927 1229 aiunt
957 1177 1077 1228 contre

134 1278 239 1344 vitam
256 1280 377 1346 Mottae
396 1277 605 1343 Odincuttii.
652 1276 992 1372 Multipuptifflulti
1014 1274 1073 1358 qui

135 1389 233 1474 elupst
262 1392 360 1471 sunt,
377 1392 522 1476 relegati.
569 1391 750 1458 Armantur
766 1377 950 1460 sanctione
973 1389 1089 1454 naves

135 1483 246 1588 longae
270 1503 559 1592 decemanilis.
604 1505 684 1572 Dux
715 1508 860 1574 Carolus
889 1503 947 1588 qui
973 1500 1073 1569 Sirici

135 1628 211 1695 cst,
235 1613 309 1680 inde
332 1618 397 1682 huc
428 1618 589 1702 quendam
612 1620 651 1685 de
674 1619 741 1684 suis
768 1619 866 1686 misit.
915 1615 1074 1682 Haterius

88 1759 90 1766 ·
133 1727 191 1794 hic
224 1728 573 1801 avulnete'sanatur.
639 1733 807 1800 Adversus
837 1730 1073 1802 Matescailum

133 1839 314 1908 Bressaeunt
362 1847 474 1912 muitae
512 1845 650 1930 surgunt
694 1851 846 1928 quereiae.
915 1842 1082 1940 Tortosae'

133 1953 279 2040 Hispani
304 1957 420 2024 habere
452 1959 612 2026 dicuntur
640 1960 767 2042 pedites
795 1960 883 2028 mille
910 1943 1071 2042 quingen-

111 2059 213 2149 tos,
237 2072 374 2154 equites
396 2071 619 2157 quingentost
649 2072 807 2159 :Fragius
835 2072 955 2140 milites
984 2071 1072 2135 mille

134 2197 317 2250 trecentos.
383 2186 463 2256 Dux
489 2186 689 2270 Anguianus
717 2188 806 2269 cepit
833 2205 923 2259 arces
951 2185 1072 2250 Barlae·

131 2300 320 2380 montium,
352 2285 384 2366 et
416 2299 611 2388 Aismetiatn
645 2301 679 2365 in
714 2299 877 2368 Hainnvia
907 2299 948 2366 td
979 2301 1071 2366 Sam·

133 2413 237 2478 brem.
268 2413 413 2495 Hispani
428 2414 606 2482 Camaeraci
623 2413 808 2495 praestdium
827 2427 961 2498 augent.
987 2411 1070 2477 Sco·

133 2525 160 2593 ti
193 2526 277 2592 nihil
303 2525 410 2595 adhuc
443 2537 577 2594 movent
609 2545 672 2610 pto
706 2525 970 2596 Parlatneututiis
998 2526 1069 2596 Au·

131 2639 223 2728 gliae.

572 2867 623 2945 11.

235 3092 481 3166 tonnuut
527 3081 966 3171 onnusn'tnnnAE.

298 3323 590 3391 Innusutttsstmn
615 3321 791 3392 Domine!

174 3470 323 3616 Venit
355 3548 396 3614 td
427 3569 475 3614 me
507 3549 560 3616 his
595 3551 711 3616 diebus
740 3551 865 3618 'Comes
896 3551 1067 3638 Btiennae‚

129 3661 243 3726 dictus
288 3663 422 3730 antehac
456 3663 678 3750 Lomenipcus
719 3680 751 3730 et
783 3664 1066 3746 Viiluuctercius,

51 3867 54 3872 ,
130 3775 196 3858 qui,
222 3793 309 3840 nunc
342 3776 453 3842 locum
479 3779 697 3862 Chavigninci
727 3793 759 3842 et
786 3796 892 3842 retum
920 3791 1069 3845 externa·

130 3905 331 3974 tumentem
352 3890 495 3958 obtinet.
540 3891 636 3960 Dixit
655 3891 909 3980 mihi,legttum
928 3889 968 3958 ab
986 3889 1070 3984 His,

108 3987 109 3990 ‘
279 4019 280 4024 ‘
564 4005 640 4088 Aa
955 4017 963 4028 ·
1013 4021 1074 4090 nt·
