3014 5098
416 413 457 484 63
552 419 894 489 HUGONIS
940 359 1218 488 Guoull

422 588 458 658 in
480 589 635 672 Lupara;
665 591 743 670 plus
768 590 929 656 libertatis
950 608 1012 673 pto
1031 589 1074 654 iis
1093 588 1266 671 impetrare
1285 601 1384 664 uon..

423 704 561 788 potuit,
593 701 798 768 obstantibus
828 704 962 770 Edictis
995 703 1116 786 semper
1149 700 1358 781 observatis,

343 848 347 860 ·
424 833 464 882 ne
486 817 521 882 in
547 818 608 882 hac
633 819 713 883 urbe
736 830 793 882 aut
817 819 891 882 aula
916 816 1017 902 Regis
1043 815 1105 880 alia
1128 815 1245 898 religio
1265 831 1357 878 exer·

425 944 578 1009 ceretur,
602 949 698 1013 quana
720 949 756 996 ea
780 951 853 1014 quae
877 925 1045 1014 praevalet.
1091 926 1355 996 Parlameutariis

425 1061 478 1110 res
502 1041 580 1106 satis
608 1043 789 1110 succedunt
818 1042 980 1128 feliciter3
1027 1063 1100 1110 nam
1124 1059 1156 1106 et
1180 1042 1358 1108 Thimaru-

425 1157 518 1221 thum
542 1173 654 1237 cepere
687 1172 719 1220 et
743 1156 986 1242 Leverpolam‚
1015 1171 1046 1222 et
1078 1157 1229 1239 sperant,
1262 1154 1357 1220 brevi

377 1247 381 1258 ⁸
425 1267 457 1336 se
479 1270 649 1335 habituros
675 1270 838 1353 oppidum
860 1270 1039 1350 Cardiam,
1064 1288 1167 1336 arcem
1189 1265 1355 1346 uastam,

425 1394 459 1446 et
487 1381 693 1462 Belveriuut,
717 1383 751 1458 in
775 1383 873 1448 cuius
902 1388 987 1450 valle
1011 1387 1148 1468 vulgant
1175 1401 1193 1446 a
1220 1379 1249 1444 se
1275 1398 1356 1444 cun-

427 1493 515 1559 cisos
543 1495 722 1581 Regiorum
747 1497 876 1576 equites
909 1496 1099 1575 sexcentos,
1135 1494 1262 1576 pedites
1292 1509 1358 1558 tre·

428 1623 559 1674 centos.
612 1610 684 1673 Rex
709 1609 872 1674 Oxoniam
899 1609 1055 1674 redierat:
1091 1609 1261 1693 copiarum
1285 1608 1358 1674 eius

210 1739 245 1752 ¹¹
346 1771 348 1776 ,
427 1721 669 1806 pammenius
697 1736 764 1786 erat
799 1721 886 1804 apud
920 1722 1145 1788 Wolstollum.
1209 1721 1359 1788 Multum

427 1835 612 1920 praedicant
638 1835 739 1920 Regis
759 1851 791 1900 et
815 1836 981 1917 Principis
1008 1815 1148 1902 Roberti
1164 1835 1269 1900 fortes
1288 1815 1359 1900 aui·

426 1969 501 2019 mos
522 1949 581 2033 ipst
603 1950 787 2016 adversarii.
821 1949 978 2018 Creditur
998 1952 1151 2033 proelium
1170 1950 1356 2029 imminere,

427 2063 453 2132 st
486 2067 559 2130 Rex
584 2065 707 2130 servare
734 2064 827 2128 uolet
854 2084 958 2132 arcem
985 2066 1257 2149 Duningtonam,
1284 2083 1357 2145 quae

428 2186 461 2242 et
488 2177 557 2258 ipsa
582 2177 746 2242 obsidetur
766 2197 783 2240 a
802 2176 1075 2244 Parlameutariis.
1123 2178 1237 2243 Morta
1254 2176 1360 2242 Odiu-

429 2293 560 2358 curtius
595 2292 659 2356 huc
695 2305 882 2355 revocatur.
949 2291 1108 2356 scribunt
1139 2309 1255 2356 contra
1284 2311 1359 2358 eum

430 2404 595 2472 Catalani.
642 2404 831 2469 Merciacus
861 2405 948 2486 apud
974 2405 1253 2490 Ladenburgum,
1278 2406 1361 2472 Hei-

430 2518 636 2603 delbergam,
660 2533 692 2584 et
721 2518 948 2585 Weinhemunr
975 2520 1145 2584 maximam
1176 2521 1272 2586 habet
1300 2539 1358 2586 co·

429 2634 556 2717 piarum
589 2648 734 2714 partem:
783 2651 863 2716 pars
905 2631 1136 2717 Lotharingici
1170 2634 1286 2699 militis
1322 2634 1358 2700 iu

429 2745 581 2811 Flandria
606 2765 673 2809 aton
705 2748 803 2830 longe
828 2765 846 2811 a
873 2745 1048 2812 Gandavo.
1102 2748 1276 2832 Spargitur
1302 2748 1357 2814 iric

428 2876 565 2938 runaut,
586 2858 624 2920 de
650 2877 717 2939 quo
738 2860 818 2923 nihil
838 2860 1008 2938 affirmem,
1033 2861 1138 2940 parari
1161 2863 1292 2926 classem
1321 2861 1357 2926 in

347 3049 348 3055 ἵ
428 2972 540 3044 Gallia
557 2970 676 3055 viginti
697 2972 867 3056 longarum
885 2974 1038 3052 navium,
1063 2975 1196 3040 aliarum
1215 2959 1359 3042 Xffi

426 3083 615 3153 Melitenses
637 3102 781 3168 magnam
807 3087 945 3165 praedam
962 3085 1092 3168 iecere,
1112 3106 1207 3170 capta
1235 3089 1358 3156 Galeo-

425 3218 468 3263 ne
493 3197 646 3262 Turcica.
700 3196 738 3260 In
764 3196 856 3262 Italia
884 3200 1025 3283 Hispani
1051 3202 1238 3269 etiamnunc
1267 3203 1355 3290 apud

427 3311 661 3379 Alexandriam
685 3310 782 3398 lunt,
805 3326 842 3378 ut
866 3311 1041 3381 Gallorum
1071 3331 1213 3384 conatus
1245 3315 1354 3386 obser·

425 3438 543 3494 ventu
