<?xml version="1.0" encoding="UTF-8"?>
<!DOCTYPE html PUBLIC "-//W3C//DTD XHTML 1.0 Transitional//EN"
    "http://www.w3.org/TR/xhtml1/DTD/xhtml1-transitional.dtd">
<html xmlns="http://www.w3.org/1999/xhtml" xml:lang="en" lang="en">
 <head>
  <title>
</title>
<meta http-equiv="Content-Type" content="text/html;charset=utf-8" />
  <meta name='ocr-system' content='tesseract 3.04.00' />
  <meta name='ocr-capabilities' content='ocr_page ocr_carea ocr_par ocr_line ocrx_word'/>
</head>
<body>
  <div class='ocr_page' id='page_1' title='image "./hugonisgrotiiad01oxengoog_0151.png"; bbox 0 0 3050 5096; ppageno 0'>
   <div class='ocr_carea' id='block_1_1' title="bbox 419 400 1278 501">
    <p class='ocr_par' dir='ltr' id='par_1_1' title="bbox 419 400 1278 501">
     <span class='ocr_line' id='line_1_1' title="bbox 419 400 1278 501; baseline 0.002 -21"><span class='ocrx_word' id='word_1_1' title='bbox 419 404 807 501; x_wconf 20' lang='lat' dir='ltr'>rtrltotrortuts</span> <span class='ocrx_word' id='word_1_2' title='bbox 847 400 1278 481; x_wconf 78' lang='lat' dir='ltr'>orrusrrartum</span> 
     </span>
    </p>
   </div>
   <div class='ocr_carea' id='block_1_2' title="bbox 410 579 1365 2150">
    <p class='ocr_par' dir='ltr' id='par_1_2' title="bbox 410 579 1365 2150">
     <span class='ocr_line' id='line_1_2' title="bbox 418 579 1363 666; baseline 0.005 -18"><span class='ocrx_word' id='word_1_3' title='bbox 418 579 693 666; x_wconf 76' lang='lat' dir='ltr'>tristimiauxilio</span> <span class='ocrx_word' id='word_1_4' title='bbox 725 579 907 645; x_wconf 86' lang='lat' dir='ltr'>inhaere</span> <span class='ocrx_word' id='word_1_5' title='bbox 948 581 999 646; x_wconf 91' lang='lat' dir='ltr'>uti</span> <span class='ocrx_word' id='word_1_6' title='bbox 1035 580 1171 663; x_wconf 85' lang='lat' dir='ltr'>posset,</span> <span class='ocrx_word' id='word_1_7' title='bbox 1212 582 1363 654; x_wconf 86' lang='lat' dir='ltr'>[latuisse</span> 
     </span>
     <span class='ocr_line' id='line_1_3' title="bbox 421 693 1365 779; baseline 0.007 -19"><span class='ocrx_word' id='word_1_8' title='bbox 421 694 463 760; x_wconf 83' lang='lat' dir='ltr'>ad</span> <span class='ocrx_word' id='word_1_9' title='bbox 498 697 603 760; x_wconf 89' lang='lat' dir='ltr'>aulam</span> <span class='ocrx_word' id='word_1_10' title='bbox 639 693 801 760; x_wconf 81' lang='lat' dir='ltr'>Gallicam</span> <span class='ocrx_word' id='word_1_11' title='bbox 834 693 979 779; x_wconf 79' lang='lat' dir='ltr'>ablegare</span> <span class='ocrx_word' id='word_1_12' title='bbox 1018 693 1116 777; x_wconf 86' lang='lat' dir='ltr'>supra</span> <span class='ocrx_word' id='word_1_13' title='bbox 1157 701 1365 768; x_wconf 85' lang='lat' dir='ltr'>nominatum</span> 
     </span>
     <span class='ocr_line' id='line_1_4' title="bbox 417 807 1365 889; baseline 0.003 -14"><span class='ocrx_word' id='word_1_14' title='bbox 417 811 466 875; x_wconf 88' lang='lat' dir='ltr'>D·</span> <span class='ocrx_word' id='word_1_15' title='bbox 485 807 727 886; x_wconf 87' lang='lat' dir='ltr'>Guel&#39;ootium‚</span> <span class='ocrx_word' id='word_1_16' title='bbox 756 820 871 889; x_wconf 84' lang='lat' dir='ltr'>petens</span> <span class='ocrx_word' id='word_1_17' title='bbox 905 810 964 874; x_wconf 87' lang='lat' dir='ltr'>lras</span> <span class='ocrx_word' id='word_1_18' title='bbox 999 809 1111 876; x_wconf 84' lang='lat' dir='ltr'>literas</span> <span class='ocrx_word' id='word_1_19' title='bbox 1146 811 1187 876; x_wconf 86' lang='lat' dir='ltr'>ad</span> <span class='ocrx_word' id='word_1_20' title='bbox 1219 813 1365 879; x_wconf 89' lang='lat' dir='ltr'>D.Ves-</span> 
     </span>
     <span class='ocr_line' id='line_1_5' title="bbox 419 920 1364 1011; baseline 0.005 -24"><span class='ocrx_word' id='word_1_21' title='bbox 419 938 524 1001; x_wconf 85' lang='lat' dir='ltr'>tram,</span> <span class='ocrx_word' id='word_1_22' title='bbox 548 935 586 986; x_wconf 91' lang='lat' dir='ltr'>ut</span> <span class='ocrx_word' id='word_1_23' title='bbox 614 938 682 984; x_wconf 84' lang='lat' dir='ltr'>rtotr</span> <span class='ocrx_word' id='word_1_24' title='bbox 706 920 805 984; x_wconf 90' lang='lat' dir='ltr'>modo</span> <span class='ocrx_word' id='word_1_25' title='bbox 826 921 869 986; x_wconf 91' lang='lat' dir='ltr'>iis</span> <span class='ocrx_word' id='word_1_26' title='bbox 894 937 1065 1008; x_wconf 88' lang='lat' dir='ltr'>pararetur</span> <span class='ocrx_word' id='word_1_27' title='bbox 1094 925 1245 992; x_wconf 87' lang='lat' dir='ltr'>accessus</span> <span class='ocrx_word' id='word_1_28' title='bbox 1275 929 1364 1011; x_wconf 80' lang='lat' dir='ltr'>aput</span> 
     </span>
     <span class='ocr_line' id='line_1_6' title="bbox 418 1035 1361 1126; baseline 0.003 -21"><span class='ocrx_word' id='word_1_29' title='bbox 418 1039 465 1105; x_wconf 84' lang='lat' dir='ltr'>D.</span> <span class='ocrx_word' id='word_1_30' title='bbox 479 1037 653 1116; x_wconf 89' lang='lat' dir='ltr'>Vestram,</span> <span class='ocrx_word' id='word_1_31' title='bbox 678 1035 851 1100; x_wconf 86' lang='lat' dir='ltr'>sedetiam</span> <span class='ocrx_word' id='word_1_32' title='bbox 882 1050 921 1101; x_wconf 90' lang='lat' dir='ltr'>ut</span> <span class='ocrx_word' id='word_1_33' title='bbox 945 1038 1079 1120; x_wconf 88' lang='lat' dir='ltr'>eadem,</span> <span class='ocrx_word' id='word_1_34' title='bbox 1105 1041 1252 1126; x_wconf 82' lang='lat' dir='ltr'>cognitis</span> <span class='ocrx_word' id='word_1_35' title='bbox 1277 1043 1361 1108; x_wconf 89' lang='lat' dir='ltr'>iuri-</span> 
     </span>
     <span class='ocr_line' id='line_1_7' title="bbox 417 1148 1361 1235; baseline 0.007 -20"><span class='ocrx_word' id='word_1_36' title='bbox 417 1152 482 1215; x_wconf 88' lang='lat' dir='ltr'>bus</span> <span class='ocrx_word' id='word_1_37' title='bbox 507 1163 540 1214; x_wconf 86' lang='lat' dir='ltr'>et</span> <span class='ocrx_word' id='word_1_38' title='bbox 564 1163 637 1215; x_wconf 91' lang='lat' dir='ltr'>tota</span> <span class='ocrx_word' id='word_1_39' title='bbox 661 1148 774 1215; x_wconf 89' lang='lat' dir='ltr'>caussa</span> <span class='ocrx_word' id='word_1_40' title='bbox 801 1149 838 1213; x_wconf 86' lang='lat' dir='ltr'>S.</span> <span class='ocrx_word' id='word_1_41' title='bbox 856 1150 1098 1233; x_wconf 69' lang='lat' dir='ltr'>Caluentius,</span> <span class='ocrx_word' id='word_1_42' title='bbox 1129 1155 1220 1235; x_wconf 87' lang='lat' dir='ltr'>apud</span> <span class='ocrx_word' id='word_1_43' title='bbox 1246 1157 1361 1222; x_wconf 86' lang='lat' dir='ltr'>minis·</span> 
     </span>
     <span class='ocr_line' id='line_1_8' title="bbox 420 1262 1361 1350; baseline 0.005 -21"><span class='ocrx_word' id='word_1_44' title='bbox 420 1277 493 1329; x_wconf 90' lang='lat' dir='ltr'>tros</span> <span class='ocrx_word' id='word_1_45' title='bbox 506 1265 655 1350; x_wconf 82' lang='lat' dir='ltr'>Regios,</span> <span class='ocrx_word' id='word_1_46' title='bbox 677 1265 724 1330; x_wconf 90' lang='lat' dir='ltr'>D.</span> <span class='ocrx_word' id='word_1_47' title='bbox 742 1262 953 1346; x_wconf 84' lang='lat' dir='ltr'>Guesontio,</span> <span class='ocrx_word' id='word_1_48' title='bbox 972 1267 1007 1331; x_wconf 87' lang='lat' dir='ltr'>in</span> <span class='ocrx_word' id='word_1_49' title='bbox 1024 1267 1259 1348; x_wconf 78' lang='lat' dir='ltr'>¹commissrooe</span> <span class='ocrx_word' id='word_1_50' title='bbox 1280 1275 1361 1338; x_wconf 83' lang='lat' dir='ltr'>alte·</span> 
     </span>
     <span class='ocr_line' id='line_1_9' title="bbox 414 1377 1359 1465; baseline 0.002 -18"><span class='ocrx_word' id='word_1_51' title='bbox 414 1377 587 1447; x_wconf 81' lang='lat' dir='ltr'>memorati</span> <span class='ocrx_word' id='word_1_52' title='bbox 610 1378 797 1461; x_wconf 88' lang='lat' dir='ltr'>principis,</span> <span class='ocrx_word' id='word_1_53' title='bbox 822 1377 1035 1452; x_wconf 86' lang='lat' dir='ltr'>adiutabilem</span> <span class='ocrx_word' id='word_1_54' title='bbox 1062 1400 1192 1463; x_wconf 85' lang='lat' dir='ltr'>operam</span> <span class='ocrx_word' id='word_1_55' title='bbox 1219 1401 1359 1465; x_wconf 81' lang='lat' dir='ltr'>praesta·</span> 
     </span>
     <span class='ocr_line' id='line_1_10' title="bbox 414 1492 1360 1579; baseline 0.004 -19"><span class='ocrx_word' id='word_1_56' title='bbox 414 1507 479 1561; x_wconf 85' lang='lat' dir='ltr'>tet.</span> <span class='ocrx_word' id='word_1_57' title='bbox 536 1492 625 1559; x_wconf 91' lang='lat' dir='ltr'>Huic</span> <span class='ocrx_word' id='word_1_58' title='bbox 653 1492 689 1556; x_wconf 88' lang='lat' dir='ltr'>S.</span> <span class='ocrx_word' id='word_1_59' title='bbox 710 1493 927 1558; x_wconf 85' lang='lat' dir='ltr'>Celsrtudlnis</span> <span class='ocrx_word' id='word_1_60' title='bbox 957 1496 1125 1561; x_wconf 84' lang='lat' dir='ltr'>benevolae</span> <span class='ocrx_word' id='word_1_61' title='bbox 1152 1497 1360 1579; x_wconf 88' lang='lat' dir='ltr'>requifitioni</span> 
     </span>
     <span class='ocr_line' id='line_1_11' title="bbox 414 1590 1358 1692; baseline 0.003 -18"><span class='ocrx_word' id='word_1_62' title='bbox 414 1609 519 1677; x_wconf 85' lang='lat' dir='ltr'>libens</span> <span class='ocrx_word' id='word_1_63' title='bbox 546 1624 666 1672; x_wconf 89' lang='lat' dir='ltr'>morem</span> <span class='ocrx_word' id='word_1_64' title='bbox 689 1590 825 1690; x_wconf 76' lang='lat' dir='ltr'>gerens,</span> <span class='ocrx_word' id='word_1_65' title='bbox 850 1610 948 1692; x_wconf 78' lang='lat' dir='ltr'>longa</span> <span class='ocrx_word' id='word_1_66' title='bbox 967 1607 1068 1690; x_wconf 88' lang='lat' dir='ltr'>ipsrus</span> <span class='ocrx_word' id='word_1_67' title='bbox 1094 1610 1226 1674; x_wconf 85' lang='lat' dir='ltr'>caussae</span> <span class='ocrx_word' id='word_1_68' title='bbox 1251 1626 1284 1676; x_wconf 87' lang='lat' dir='ltr'>et</span> <span class='ocrx_word' id='word_1_69' title='bbox 1308 1613 1358 1679; x_wconf 88' lang='lat' dir='ltr'>iu·</span> 
     </span>
     <span class='ocr_line' id='line_1_12' title="bbox 414 1720 1358 1809; baseline 0.006 -22"><span class='ocrx_word' id='word_1_70' title='bbox 414 1723 503 1788; x_wconf 86' lang='lat' dir='ltr'>rium</span> <span class='ocrx_word' id='word_1_71' title='bbox 528 1720 713 1788; x_wconf 80' lang='lat' dir='ltr'>recenfione</span> <span class='ocrx_word' id='word_1_72' title='bbox 746 1739 834 1786; x_wconf 87' lang='lat' dir='ltr'>rrunc</span> <span class='ocrx_word' id='word_1_73' title='bbox 867 1720 1084 1808; x_wconf 81' lang='lat' dir='ltr'>supersede03</span> <span class='ocrx_word' id='word_1_74' title='bbox 1131 1738 1251 1806; x_wconf 85' lang='lat' dir='ltr'>utpote</span> <span class='ocrx_word' id='word_1_75' title='bbox 1284 1747 1358 1809; x_wconf 86' lang='lat' dir='ltr'>quae</span> 
     </span>
     <span class='ocr_line' id='line_1_13' title="bbox 413 1833 1359 1907; baseline 0.006 -7"><span class='ocrx_word' id='word_1_76' title='bbox 413 1833 622 1900; x_wconf 86' lang='lat' dir='ltr'><strong>commodius</strong></span> <span class='ocrx_word' id='word_1_77' title='bbox 655 1847 688 1897; x_wconf 90' lang='lat' dir='ltr'>et</span> <span class='ocrx_word' id='word_1_78' title='bbox 717 1834 852 1902; x_wconf 88' lang='lat' dir='ltr'>uberius</span> <span class='ocrx_word' id='word_1_79' title='bbox 886 1835 921 1900; x_wconf 89' lang='lat' dir='ltr'>in</span> <span class='ocrx_word' id='word_1_80' title='bbox 952 1838 1029 1900; x_wconf 90' lang='lat' dir='ltr'>loco</span> <span class='ocrx_word' id='word_1_81' title='bbox 1059 1856 1078 1901; x_wconf 90' lang='lat' dir='ltr'>a</span> <span class='ocrx_word' id='word_1_82' title='bbox 1104 1838 1150 1903; x_wconf 92' lang='lat' dir='ltr'>D.</span> <span class='ocrx_word' id='word_1_83' title='bbox 1172 1837 1359 1907; x_wconf 84' lang='lat' dir='ltr'>Gtteiotrtio</span> 
     </span>
     <span class='ocr_line' id='line_1_14' title="bbox 412 1948 1358 2035; baseline 0.006 -22"><span class='ocrx_word' id='word_1_84' title='bbox 412 1949 578 2035; x_wconf 83' lang='lat' dir='ltr'>cognosci</span> <span class='ocrx_word' id='word_1_85' title='bbox 601 1959 777 2030; x_wconf 87' lang='lat' dir='ltr'>poterunt.</span> <span class='ocrx_word' id='word_1_86' title='bbox 846 1948 922 2016; x_wconf 91' lang='lat' dir='ltr'>Hoc</span> <span class='ocrx_word' id='word_1_87' title='bbox 951 1963 1059 2016; x_wconf 88' lang='lat' dir='ltr'>tamen</span> <span class='ocrx_word' id='word_1_88' title='bbox 1085 1950 1300 2019; x_wconf 85' lang='lat' dir='ltr'>intermittere</span> <span class='ocrx_word' id='word_1_89' title='bbox 1323 1968 1358 2019; x_wconf 90' lang='lat' dir='ltr'>et</span> 
     </span>
     <span class='ocr_line' id='line_1_15' title="bbox 410 2055 1357 2150; baseline 0.004 -22"><span class='ocrx_word' id='word_1_90' title='bbox 410 2061 578 2147; x_wconf 84' lang='lat' dir='ltr'>praeterire</span> <span class='ocrx_word' id='word_1_91' title='bbox 605 2081 663 2127; x_wconf 89' lang='lat' dir='ltr'>nec</span> <span class='ocrx_word' id='word_1_92' title='bbox 689 2065 826 2146; x_wconf 85' lang='lat' dir='ltr'>possum</span> <span class='ocrx_word' id='word_1_93' title='bbox 846 2081 907 2129; x_wconf 89' lang='lat' dir='ltr'>nec</span> <span class='ocrx_word' id='word_1_94' title='bbox 936 2055 1063 2132; x_wconf 86' lang='lat' dir='ltr'>debeo:</span> <span class='ocrx_word' id='word_1_95' title='bbox 1091 2064 1218 2138; x_wconf 83' lang='lat' dir='ltr'>scilicet</span> <span class='ocrx_word' id='word_1_96' title='bbox 1243 2068 1357 2150; x_wconf 87' lang='lat' dir='ltr'>quod,</span> 
     </span>
    </p>
   </div>
   <div class='ocr_carea' id='block_1_3' title="bbox 280 2155 1466 2264">
    <p class='ocr_par' dir='ltr' id='par_1_3' title="bbox 280 2155 1466 2264">
     <span class='ocr_line' id='line_1_16' title="bbox 280 2155 1466 2264; baseline 0.007 -23"><span class='ocrx_word' id='word_1_97' title='bbox 280 2155 311 2254; x_wconf 69' lang='grc' dir='ltr'> </span> <span class='ocrx_word' id='word_1_98' title='bbox 413 2177 687 2258; x_wconf 78' lang='lat' dir='ltr'>quemadmodum</span> <span class='ocrx_word' id='word_1_99' title='bbox 714 2179 860 2242; x_wconf 86' lang='lat' dir='ltr'>Corouae</span> <span class='ocrx_word' id='word_1_100' title='bbox 888 2176 1039 2244; x_wconf 85' lang='lat' dir='ltr'>federatae</span> <span class='ocrx_word' id='word_1_101' title='bbox 1071 2181 1358 2264; x_wconf 87' lang='lat' dir='ltr'>plenipotentiatli</span> <span class='ocrx_word' id='word_1_102' title='bbox 1464 2195 1466 2204; x_wconf 90' lang='lat'>&#39;</span> 
     </span>
    </p>
   </div>
   <div class='ocr_carea' id='block_1_4' title="bbox 403 2286 1392 3514">
    <p class='ocr_par' dir='ltr' id='par_1_4' title="bbox 403 2286 1392 3514">
     <span class='ocr_line' id='line_1_17' title="bbox 409 2286 1355 2379; baseline 0.006 -23"><span class='ocrx_word' id='word_1_103' title='bbox 409 2286 535 2376; x_wconf 58' lang='lat' dir='ltr'>legati.</span> <span class='ocrx_word' id='word_1_104' title='bbox 565 2309 652 2357; x_wconf 88' lang='lat' dir='ltr'>nunc</span> <span class='ocrx_word' id='word_1_105' title='bbox 687 2290 815 2355; x_wconf 87' lang='lat' dir='ltr'>iunctis</span> <span class='ocrx_word' id='word_1_106' title='bbox 849 2291 994 2356; x_wconf 86' lang='lat' dir='ltr'>confiliis</span> <span class='ocrx_word' id='word_1_107' title='bbox 1034 2293 1254 2376; x_wconf 87' lang='lat' dir='ltr'>viribusque,</span> <span class='ocrx_word' id='word_1_108' title='bbox 1291 2315 1355 2379; x_wconf 87' lang='lat' dir='ltr'>pro</span> 
     </span>
     <span class='ocr_line' id='line_1_18' title="bbox 411 2401 1358 2485; baseline 0.004 -15"><span class='ocrx_word' id='word_1_109' title='bbox 411 2403 619 2470; x_wconf 82' lang='lat' dir='ltr'>restitutione</span> <span class='ocrx_word' id='word_1_110' title='bbox 649 2402 866 2485; x_wconf 85' lang='lat' dir='ltr'>spoliatorum</span> <span class='ocrx_word' id='word_1_111' title='bbox 904 2401 1044 2470; x_wconf 90' lang='lat' dir='ltr'>statuum</span> <span class='ocrx_word' id='word_1_112' title='bbox 1082 2405 1265 2472; x_wconf 81' lang='lat' dir='ltr'>Germania</span> <span class='ocrx_word' id='word_1_113' title='bbox 1301 2409 1358 2475; x_wconf 85' lang='lat' dir='ltr'>hle</span> 
     </span>
     <span class='ocr_line' id='line_1_19' title="bbox 411 2516 1357 2601; baseline 0.001 -16"><span class='ocrx_word' id='word_1_114' title='bbox 411 2519 625 2596; x_wconf 77' lang='lat' dir='ltr'>laboramus,</span> <span class='ocrx_word' id='word_1_115' title='bbox 648 2531 681 2581; x_wconf 90' lang='lat' dir='ltr'>et</span> <span class='ocrx_word' id='word_1_116' title='bbox 707 2516 743 2582; x_wconf 88' lang='lat' dir='ltr'>S.</span> <span class='ocrx_word' id='word_1_117' title='bbox 766 2516 868 2601; x_wconf 82' lang='lat' dir='ltr'>Regia</span> <span class='ocrx_word' id='word_1_118' title='bbox 883 2516 1045 2584; x_wconf 84' lang='lat' dir='ltr'>Maiestas</span> <span class='ocrx_word' id='word_1_119' title='bbox 1062 2518 1212 2599; x_wconf 74' lang='lat' dir='ltr'>suedia,</span> <span class='ocrx_word' id='word_1_120' title='bbox 1236 2520 1357 2588; x_wconf 91' lang='lat' dir='ltr'>Domi·</span> 
     </span>
     <span class='ocr_line' id='line_1_20' title="bbox 411 2628 1355 2718; baseline 0.002 -20"><span class='ocrx_word' id='word_1_121' title='bbox 411 2651 454 2698; x_wconf 90' lang='lat' dir='ltr'>oa</span> <span class='ocrx_word' id='word_1_122' title='bbox 471 2650 539 2697; x_wconf 87' lang='lat' dir='ltr'>mea</span> <span class='ocrx_word' id='word_1_123' title='bbox 556 2628 836 2710; x_wconf 77' lang='lat' dir='ltr'>clementissima,</span> <span class='ocrx_word' id='word_1_124' title='bbox 870 2630 1015 2697; x_wconf 85' lang='lat' dir='ltr'>iniunxit</span> <span class='ocrx_word' id='word_1_125' title='bbox 1042 2631 1164 2714; x_wconf 88' lang='lat' dir='ltr'>nobis,</span> <span class='ocrx_word' id='word_1_126' title='bbox 1193 2629 1230 2698; x_wconf 86' lang='lat' dir='ltr'>ut</span> <span class='ocrx_word' id='word_1_127' title='bbox 1257 2655 1355 2718; x_wconf 85' lang='lat' dir='ltr'>quam</span> 
     </span>
     <span class='ocr_line' id='line_1_21' title="bbox 413 2743 1354 2846; baseline 0.007 -35"><span class='ocrx_word' id='word_1_128' title='bbox 413 2743 1354 2846; x_wconf 78' lang='lat' dir='ltr'>diligentissrmahabereturtotioCelstsltmiMarabioois</span> 
     </span>
     <span class='ocr_line' id='line_1_22' title="bbox 409 2859 1392 2946; baseline 0.001 -19"><span class='ocrx_word' id='word_1_129' title='bbox 409 2859 595 2927; x_wconf 85' lang='lat' dir='ltr'>Frederici:</span> <span class='ocrx_word' id='word_1_130' title='bbox 642 2859 688 2922; x_wconf 87' lang='lat' dir='ltr'>ita</span> <span class='ocrx_word' id='word_1_131' title='bbox 719 2859 829 2942; x_wconf 83' lang='lat' dir='ltr'>Regiae</span> <span class='ocrx_word' id='word_1_132' title='bbox 859 2859 895 2923; x_wconf 91' lang='lat' dir='ltr'>S.</span> <span class='ocrx_word' id='word_1_133' title='bbox 924 2860 1113 2926; x_wconf 85' lang='lat' dir='ltr'>Maiestatis</span> <span class='ocrx_word' id='word_1_134' title='bbox 1141 2863 1351 2946; x_wconf 86' lang='lat' dir='ltr'>propofitom</span> <span class='ocrx_word' id='word_1_135' title='bbox 1386 2929 1392 2938; x_wconf 78' lang='grc'><strong>,</strong></span> 
     </span>
     <span class='ocr_line' id='line_1_23' title="bbox 407 2971 1379 3051; baseline 0.005 -10"><span class='ocrx_word' id='word_1_136' title='bbox 407 2991 440 3042; x_wconf 91' lang='lat' dir='ltr'>et</span> <span class='ocrx_word' id='word_1_137' title='bbox 472 2977 509 3044; x_wconf 85' lang='lat' dir='ltr'>S.</span> <span class='ocrx_word' id='word_1_138' title='bbox 539 2972 627 3042; x_wconf 87' lang='lat' dir='ltr'>Cels.</span> <span class='ocrx_word' id='word_1_139' title='bbox 661 2971 838 3051; x_wconf 82' lang='lat' dir='ltr'>interesse,</span> <span class='ocrx_word' id='word_1_140' title='bbox 874 2971 1107 3040; x_wconf 84' lang='lat' dir='ltr'>Illustrislimo</span> <span class='ocrx_word' id='word_1_141' title='bbox 1140 2975 1186 3041; x_wconf 87' lang='lat' dir='ltr'>D.</span> <span class='ocrx_word' id='word_1_142' title='bbox 1221 2977 1379 3046; x_wconf 82' lang='lat' dir='ltr'>Comiti-</span> 
     </span>
     <span class='ocr_line' id='line_1_24' title="bbox 403 3062 1352 3182; baseline 0.003 -28"><span class='ocrx_word' id='word_1_143' title='bbox 403 3087 624 3167; x_wconf 82' lang='lat' dir='ltr'>D&#39;Avaulio‚</span> <span class='ocrx_word' id='word_1_144' title='bbox 665 3062 734 3176; x_wconf 83' lang='lat' dir='ltr'>qui</span> <span class='ocrx_word' id='word_1_145' title='bbox 753 3075 816 3150; x_wconf 86' lang='lat' dir='ltr'>iam</span> <span class='ocrx_word' id='word_1_146' title='bbox 848 3084 918 3182; x_wconf 84' lang='lat' dir='ltr'>dies</span> <span class='ocrx_word' id='word_1_147' title='bbox 951 3087 1081 3170; x_wconf 80' lang='lat' dir='ltr'>aliquot</span> <span class='ocrx_word' id='word_1_148' title='bbox 1116 3087 1149 3153; x_wconf 87' lang='lat' dir='ltr'>io</span> <span class='ocrx_word' id='word_1_149' title='bbox 1176 3090 1238 3162; x_wconf 84' lang='lat' dir='ltr'>bac</span> <span class='ocrx_word' id='word_1_150' title='bbox 1271 3092 1352 3167; x_wconf 78' lang='lat' dir='ltr'>urbs</span> 
     </span>
     <span class='ocr_line' id='line_1_25' title="bbox 408 3199 1351 3288; baseline 0.003 -21"><span class='ocrx_word' id='word_1_151' title='bbox 408 3202 518 3288; x_wconf 81' lang='lat' dir='ltr'>degit,</span> <span class='ocrx_word' id='word_1_152' title='bbox 543 3200 671 3266; x_wconf 87' lang='lat' dir='ltr'>meliori</span> <span class='ocrx_word' id='word_1_153' title='bbox 695 3200 792 3264; x_wconf 91' lang='lat' dir='ltr'>modo</span> <span class='ocrx_word' id='word_1_154' title='bbox 817 3199 1141 3283; x_wconf 86' lang='lat' dir='ltr'>commendavimus,</span> <span class='ocrx_word' id='word_1_155' title='bbox 1165 3215 1203 3268; x_wconf 89' lang='lat' dir='ltr'>ut</span> <span class='ocrx_word' id='word_1_156' title='bbox 1220 3204 1351 3286; x_wconf 52' lang='lat' dir='ltr'>eadem.</span> 
     </span>
     <span class='ocr_line' id='line_1_26' title="bbox 405 3291 1351 3401; baseline 0 -15"><span class='ocrx_word' id='word_1_157' title='bbox 405 3340 481 3387; x_wconf 85' lang='lat' dir='ltr'>cum</span> <span class='ocrx_word' id='word_1_158' title='bbox 513 3317 650 3401; x_wconf 79' lang='lat' dir='ltr'>collegis</span> <span class='ocrx_word' id='word_1_159' title='bbox 685 3291 950 3393; x_wconf 83' lang='lat' dir='ltr'>communicata,</span> <span class='ocrx_word' id='word_1_160' title='bbox 1000 3314 1125 3381; x_wconf 86' lang='lat' dir='ltr'>mutuis</span> <span class='ocrx_word' id='word_1_161' title='bbox 1158 3301 1268 3399; x_wconf 88' lang='lat' dir='ltr'>operis</span> <span class='ocrx_word' id='word_1_162' title='bbox 1308 3319 1351 3386; x_wconf 84' lang='lat' dir='ltr'>ad</span> 
     </span>
     <span class='ocr_line' id='line_1_27' title="bbox 407 3428 1348 3514; baseline 0.004 -17"><span class='ocrx_word' id='word_1_163' title='bbox 407 3443 562 3514; x_wconf 87' lang='lat' dir='ltr'>optatum</span> <span class='ocrx_word' id='word_1_164' title='bbox 587 3429 711 3494; x_wconf 85' lang='lat' dir='ltr'>exitum</span> <span class='ocrx_word' id='word_1_165' title='bbox 744 3428 991 3510; x_wconf 88' lang='lat' dir='ltr'>perduceretur.</span> <span class='ocrx_word' id='word_1_166' title='bbox 1043 3428 1156 3512; x_wconf 82' lang='lat' dir='ltr'>Atque</span> <span class='ocrx_word' id='word_1_167' title='bbox 1181 3431 1254 3496; x_wconf 85' lang='lat' dir='ltr'>ideo</span> <span class='ocrx_word' id='word_1_168' title='bbox 1277 3450 1348 3501; x_wconf 85' lang='lat' dir='ltr'>nott</span> 
     </span>
    </p>
   </div>
   <div class='ocr_carea' id='block_1_5' title="bbox 273 3539 1348 3630">
    <p class='ocr_par' dir='ltr' id='par_1_5' title="bbox 273 3539 1348 3630">
     <span class='ocr_line' id='line_1_28' title="bbox 273 3539 1348 3630; baseline 0.004 -21"><span class='ocrx_word' id='word_1_169' title='bbox 273 3539 301 3630; x_wconf 35' lang='lat'>¹,</span> <span class='ocrx_word' id='word_1_170' title='bbox 407 3545 465 3611; x_wconf 86' lang='lat' dir='ltr'>abs</span> <span class='ocrx_word' id='word_1_171' title='bbox 491 3543 669 3622; x_wconf 84' lang='lat' dir='ltr'>tefuerit,</span> <span class='ocrx_word' id='word_1_172' title='bbox 695 3541 775 3624; x_wconf 89' lang='lat' dir='ltr'>quio</span> <span class='ocrx_word' id='word_1_173' title='bbox 800 3540 867 3605; x_wconf 92' lang='lat' dir='ltr'>imo</span> <span class='ocrx_word' id='word_1_174' title='bbox 885 3539 997 3626; x_wconf 77' lang='lat' dir='ltr'>Regiae</span> <span class='ocrx_word' id='word_1_175' title='bbox 1016 3542 1348 3616; x_wconf 85' lang='lat' dir='ltr'>MaiestatisSuediae</span> 
     </span>
    </p>
   </div>
   <div class='ocr_carea' id='block_1_6' title="bbox 404 3655 1393 4085">
    <p class='ocr_par' dir='ltr' id='par_1_6' title="bbox 404 3655 1393 3986">
     <span class='ocr_line' id='line_1_29' title="bbox 404 3655 1346 3742; baseline 0.005 -18"><span class='ocrx_word' id='word_1_176' title='bbox 404 3659 583 3724; x_wconf 86' lang='lat' dir='ltr'>intentioni</span> <span class='ocrx_word' id='word_1_177' title='bbox 609 3671 641 3722; x_wconf 90' lang='lat' dir='ltr'>et</span> <span class='ocrx_word' id='word_1_178' title='bbox 670 3656 797 3722; x_wconf 88' lang='lat' dir='ltr'>nostris</span> <span class='ocrx_word' id='word_1_179' title='bbox 832 3655 1003 3724; x_wconf 89' lang='lat' dir='ltr'>laboribus</span> <span class='ocrx_word' id='word_1_180' title='bbox 1036 3660 1263 3742; x_wconf 87' lang='lat' dir='ltr'>conveniens,</span> <span class='ocrx_word' id='word_1_181' title='bbox 1296 3662 1346 3742; x_wconf 86' lang='lat' dir='ltr'>st,</span> 
     </span>
     <span class='ocr_line' id='line_1_30' title="bbox 404 3769 1393 3878; baseline 0.008 -43"><span class='ocrx_word' id='word_1_182' title='bbox 404 3771 567 3847; x_wconf 83' lang='lat' dir='ltr'>imprimis</span> <span class='ocrx_word' id='word_1_183' title='bbox 594 3769 681 3854; x_wconf 81' lang='lat' dir='ltr'>apud</span> <span class='ocrx_word' id='word_1_184' title='bbox 708 3771 1011 3840; x_wconf 82' lang='lat' dir='ltr'>Eminentissrmum</span> <span class='ocrx_word' id='word_1_185' title='bbox 1037 3774 1246 3841; x_wconf 87' lang='lat' dir='ltr'>Cardinalem</span> <span class='ocrx_word' id='word_1_186' title='bbox 1271 3776 1347 3842; x_wconf 85' lang='lat' dir='ltr'>Ma·</span> <span class='ocrx_word' id='word_1_187' title='bbox 1386 3861 1393 3878; x_wconf 92' lang='lat'><strong>.</strong></span> 
     </span>
     <span class='ocr_line' id='line_1_31' title="bbox 405 3885 1346 3986; baseline 0.005 -35"><span class='ocrx_word' id='word_1_188' title='bbox 405 3885 577 3968; x_wconf 79' lang='lat' dir='ltr'>setinum,</span> <span class='ocrx_word' id='word_1_189' title='bbox 602 3885 769 3970; x_wconf 84' lang='lat' dir='ltr'>aequitatis</span> <span class='ocrx_word' id='word_1_190' title='bbox 797 3885 903 3986; x_wconf 82' lang='lat' dir='ltr'>gloria</span> <span class='ocrx_word' id='word_1_191' title='bbox 926 3901 959 3954; x_wconf 88' lang='lat' dir='ltr'>et</span> <span class='ocrx_word' id='word_1_192' title='bbox 985 3889 1185 3960; x_wconf 86' lang='lat' dir='ltr'>authoritate</span> <span class='ocrx_word' id='word_1_193' title='bbox 1210 3889 1346 3974; x_wconf 55' lang='lat' dir='ltr'>couspi2</span> 
     </span>
    </p>

    <p class='ocr_par' dir='ltr' id='par_1_7' title="bbox 447 4017 1345 4085">
     <span class='ocr_line' id='line_1_32' title="bbox 447 4017 1345 4085; baseline 0.003 -19"><span class='ocrx_word' id='word_1_194' title='bbox 447 4017 450 4024; x_wconf 81' lang='grc'><strong>’</strong></span> <span class='ocrx_word' id='word_1_195' title='bbox 1224 4024 1345 4085; x_wconf 86' lang='lat' dir='ltr'>cuum,</span> 
     </span>
    </p>
   </div>
   <div class='ocr_carea' id='block_1_7' title="bbox 0 0 1530 5096">
    <p class='ocr_par' dir='ltr' id='par_1_8' title="bbox 0 0 1530 5096">
     <span class='ocr_line' id='line_1_33' title="bbox 0 0 1530 5096; baseline 0 3"><span class='ocrx_word' id='word_1_196' title='bbox 0 0 1530 5096; x_wconf 95' lang='lat' dir='ltr'> </span> 
     </span>
    </p>
   </div>
  </div>
 </body>
</html>
