3050 5096
268 413 625 510 ..sumtuum
667 413 946 484 ruuurrms
1039 433 1102 502 ως

57 637 62 642 -
168 591 342 662 consensus
377 603 504 668 manet,
539 603 605 652 nec.
633 571 756 652 milites'
787 583 1003 665 admittendi,
1042 605 1102 656 nee

169 708 269 774 dandi
301 723 389 772 nova
419 703 564 781 tributa,
607 698 697 779 quod
736 702 919 780 exemplum
960 702 1104 767 manabit

168 819 318 906 longius.
372 818 495 884 Lirerae
524 835 547 904 ‘a
575 811 869 896 Constantinopoli
894 812 1026 896 scriptae
1053 813 1104 879 IV·

168 931 338 1002 Februarii
352 949 414 996 nos
430 930 571 1009 docent,
592 927 732 993 Sultauo
748 942 861 992 natum
880 925 984 993 filiurn
1005 935 1104 1012 quar-7

169 1061 239 1113 tum
252 1094 268 1125 ,,
287 1056 402 1110 marem
424 1063 468 1110 ex
493 1041 612 1110 femina
631 1041 726 1107 valde
751 1040 811 1124 ipsr
833 1039 975 1121 dilecta;
1016 1059 1103 1128 mag·

166 1179 230 1226 tros
257 1161 305 1224 ibi
329 1157 395 1224 esse
422 1157 464 1222 ad
486 1157 608 1222 bellum
633 1170 782 1238 paratus.
828 1153 911 1220 Erat
935 1168 1015 1220 tunc
1038 1155 1103 1220 Iro-⁶

167 1273 478 1360 peratorislegatus
503 1272 544 1336 ad
567 1269 706 1337 reditum
726 1267 757 1333 se
779 1286 913 1352 parans.
962 1263 1104 1337 Missum

165 1389 326 1455 berneium
351 1404 391 1450 ex
415 1385 471 1449 illa
490 1361 776 1465 aulaexpectabat
799 1383 957 1464 Princeps
977 1367 1105 1450 'Transi

171 1501 330 1568 srivanus.
377 1499 523 1568 sabrano
550 1497 715 1566 Resrdenti
742 1496 874 1564 Gallico
894 1485 1106 1585 RexAtigiiae

167 1615 355 1699 respoudit,
379 1613 462 1678 nihii
491 1611 522 1678 se
556 1611 665 1696 pacati
693 1609 817 1696 sperare
846 1630 863 1675 a
886 1593 1105 1677 parlamental
1194 1627 1196 1635 ¹

166 1729 254 1812 riis,
286 1730 396 1812 itaque
416 1727 499 1792 nihil
523 1745 632 1814 opus,
664 1725 783 1790 tentari
808 1743 931 1792 novum
959 1703 1107 1794 convetu·¹

168 1859 253 1912 tum..
298 1843 378 1914 Dux
392 1842 543 1913 Bararus
565 1840 688 1906 dicitur
714 1857 802 1922 quos
826 1855 1005 1908 armaverat
1029 1829 1107 1924 ruse,

168 1955 257 2025 ticos
284 1956 462 2036 dimisrsse‚
503 1955 663 2035 credens,
702 1953 737 2046 iu
768 1953 942 2018 Austriam
979 1953 1107 2022 iturum

168 2067 460 2138 Torstensoriium:
484 2067 645 2156 Iohannes
666 2065 835 2132 Waertius
858 2067 892 2132 in
917 2066 1038 2133 Suevia
1053 2086 1107 2134 es·
1215 2137 1218 2146 .

72 2163 79 2176 ’
168 2183 225 2266 se,
256 2204 329 2250 cum
356 2181 487 2248 duobus
520 2181 669 2265 equitum
702 2181 872 2263 millibus,
903 2181 1040 2264 reliquis
1065 2200 1106 2250 ex

168 2297 258 2368 clade
287 2295 328 2362 ad
358 2295 535 2362 Taborem.
581 2297 661 2374 Dux
682 2295 917 2380 Neoburgicus
950 2292 1105 2360 adversus

167 2412 358 2480 Electorem
394 2407 720 2490 brandeburgicum,
770 2408 867 2481 cuius
908 2407 1106 2473 incrementa
1198 2440 1200 2446 .

170 2524 325 2604 suspecta
348 2520 467 2601 habet,
492 2504 626 2584 amicos
641 2518 774 2600 quaerit.
831 2520 927 2586 Hassr
950 2519 1106 2585 Neobur·

168 2632 412 2722 gieosmilites
436 2647 498 2716 pro
519 2632 675 2700 hostibus
694 2634 828 2700 habeut.
874 2634 1107 2702 Bavaricarum

57 2737 63 2750 ¹
133 2780 137 2784 ·
169 2750 341 2833 copiarum
366 2767 480 2834 magua
504 2765 580 2830 pars
607 2747 648 2812 ad
666 2747 855 2816 Danubium
880 2748 929 2813 ire
956 2748 1102 2816 diciturt

167 2862 333 2932 Erlachus
365 2875 398 2926 et
434 2861 528 2929 semul
546 2859 732 2928 'Beutfeldii
765 2860 943 2946 praefectus
968 2863 1107 2930 Stolho·
1184 2858 1186 2863 ’

167 2979 255 3044 viam
280 2975 424 3042 obsedere
453 2995 521 3042 non
547 2981 644 3062 longe
677 2978 717 3042 ab
744 2978 991 3064 Argentorato:
1040 2999 1107 3060 qua

167 3090 377 3178 recognita,
411 3109 494 3174 eos,
529 3093 587 3175 qui
614 3091 809 3178 Offeuburgi
843 3093 940 3173 sunt,
971 3091 1037 3158 iuis
1076 3091 1107 3156 se

165 3222 274 3276 tenere
301 3206 495 3288 moenibus,
534 3206 652 3272 omissa
683 3203 864 3270 defensrone
893 3205 1113 3290 Oberkirchae

96 3331 98 3334 ’
167 3336 201 3386 et
221 3321 415 3390 Croistolii.
443 3320 582 3390 Ducissa
603 3320 821 3402 Cbevreufia,
838 3319 1109 3387 cuminteliexis·

167 3437 212 3502 set
233 3434 268 3501 id
282 3424 355 3520 ag'i,
379 3450 417 3502 ut
434 3437 623 3523 iugulismae
640 3436 857 3518 retineretur,
880 3434 979 3502 evasrt
996 3433 1105 3518 nescio

168 3569 250 3636 quo.
304 3532 466 3617 Perrefius
490 3551 567 3617 hinc
590 3551 624 3616 in
646 3550 830 3616 Flandriam
856 3551 897 3617 ad
917 3531 1106 3635 permutau-¹

169 3663 231 3726 dos
257 3663 412 3744 captivos
435 3665 593 3732 mittitur.
640 3665 796 3750 Dignitas
812 3664 996 3748 Vicelegati
1016 3662 1106 3727 Ave-

168 3775 333 3842 uionenfis
358 3778 428 3844 dari
452 3779 653 3845 aPontifice
670 3757 795 3844 dicitur
814 3779 918 3843 amico
946 3776 1107 3844 Cardine-

169 3889 213 3957 lis
232 3890 423 3977 Muttini,
447 3911 487 3962 ne
503 3893 573 3960 eius
591 3893 717 3962 animus
735 3913 753 3958 a
769 3893 876 3962 Roma
894 3891 1030 3959 nimium
1052 3889 1110 3954 ab·

152 4007 156 4016 ⁴
588 4005 665 4090 Gs
1028 3986 1128 4069 arie!
