3050 5096
332 399 481 472 amsi.
505 413 554 468 in
580 369 972 468 culusuu‘ruuss
1064 415 1127 485 ηρ

176 595 299 657 cuum,
322 573 673 654 DomiuatioVestra,
690 570 724 638 iu
740 570 823 654 saepe
840 569 1008 638 nominata
1025 588 1124 638 caus·
1143 657 1146 666 Ι

176 691 231 775 sa,
258 691 305 760 Ι).
329 688 519 760 Guesoutio
543 705 670 754 omnem
691 684 882 772 possibilem
905 705 1039 776 operam⁴
1064 705 1122 754 na·
1161 667 1166 682 ⁸

174 819 247 875 vet.
312 804 429 893 Quam·
450 817 488 870 ut
511 816 699 888 promptam
724 801 797 869 fore
819 799 979 885 conlido,
1004 801 1051 869 ita
1075 804 1121 869 ei-

174 918 247 986 dem
279 937 382 987 meam
414 919 555 1004 opellam
587 918 624 984 in
655 915 728 984 aliis
760 915 888 1001 offero,
914 929 1033 1002 utpote
1061 915 1120 1002 qui

180 1033 250 1102 sum
276 1047 310 1102 et
333 1035 400 1102 esse
421 1024 532 1116 uolo,'

425 1147 530 1217 Dom.
554 1146 686 1214 Veatrae

515 1259 557 1326 ad
579 1259 687 1330 officia
709 1255 850 1348 'quaque
871 1258 1112 1346 paratisdmua.
1148 1299 1152 1314 Ι

313 1513 394 1584 Post
408 1515 589 1604 scriptum.

215 1711 434 1785 Nobiliafime
451 1715 614 1783 Domine!
672 1713 950 1800 Quandoquidem
969 1715 1015 1783 D.
1025 1715 1117 1783 Gue-

172 1826 326 1911 sontius,
357 1849 517 1899 unacum
544 1830 681 1917 negotio
706 1827 868 1910 Budenfi,
891 1830 989 1896 etiam
1017 1829 1116 1894 illus·

169 1941 273 2010 trium
303 1944 406 2013 Dom.
433 1942 607 2011 Comitum
638 1941 678 2008 de
710 1941 920 2026 Rappelslein
937 1941 1112 2009 'desiderio

161 2052 202 2122 fet
227 2055 383 2124 interesse
413 2058 610 2142 proposuit,
642 2057 829 2146 significans
856 2056 890 2124 ie'
916 2071 1050 2142 quoque
1076 2057 1111 2124 in

166 2169 331 2254 mauda‘tis
360 2171 478 2240 habere
500 2171 541 2240 ad
561 2173 682 2240 Aulam
708 2173 871 2242 Gallicam
897 2171 1005 2238 eadem
1032 2189 1112 2256 pro·

167 2303 302 2365 curare3
349 2288 422 2368 pari
449 2288 578 2354 ratione
608 2301 747 2372 rogatur
771 2289 817 2354 D.
833 2287 880 2353 V.
912 2301 951 2353 ut
978 2287 1113 2373 cognita

15 2391 27 2402 “
140 2403 203 2462 ἐι
225 2392 365 2477 caussa,
401 2415 464 2480 pro
496 2416 604 2498 ferum
628 2399 793 2484 exigentia
823 2413 856 2464 et
881 2400 1033 2482 praesenti
1052 2401 1113 2468 sta·

163 2520 226 2591 tu,
250 2505 423 2596 c'onfilium
448 2509 541 2583 suum
572 2531 769 2600 operamque
796 2513 996 2580 commodet.
1056 2514 1110 2582 De

169 2641 238 2707 quo
261 2638 300 2707 ut
322 2618 391 2692 oon
419 2625 562 2713 dubito,
600 2629 649 2696 ita
673 2629 819 2698 vicissim
844 2627 913 2695 sum
940 2643 973 2694 et
995 2646 1110 2696 maneo
1215 2619 1222 2638 '

412 2737 461 2807 Ι).
485 2741 616 2811 Vestra
761 2781 768 2802 ι

206 2939 210 2944 ¹
543 2857 585 2924 ad
608 2829 718 2927 oliicia
739 2859 844 2930 amica
864 2857 1105 2948 paratissimus.
1152 2943 1158 2952 .

164 2967 290 3037 Datum
312 2981 351 3034 ut
374 2969 410 3036 in
431 2969 554 3038 literis.
