3014 5098
327 429 622 502 tnrsroern
667 429 940 502 rnnntrn.
1056 441 1097 524 ⁶3

149 608 323 694 ·scriptum
347 621 384 671 et
405 599 563 688 vulgandi
591 595 776 666 confilium.
831 604 906 686 Ego
941 606 1093 689 quidem,

159 725 241 809 quia
267 723 470 787 vehementer
495 731 577 799 opto
601 732 712 798 pacem
738 715 928 800 contingere
954 722 1093 802 populis

162 853 228 904 tam
255 837 314 902 diu
344 831 491 911 miseris,
531 828 657 908 speravi
689 831 870 912 hactenus,
887 847 1007 900 ¹omnes
1033 853 1090 905 eos

161 947 436 1034 quoiunrresin
453 959 549 1010 mann
575 957 651 1032 est,
682 945 867 1010 collaturos
893 945 933 1012 ad
964 961 1090 1016 rantum

157 1069 281 1130 bonurn
317 1059 477 1144 quicquid
509 1057 573 1122 suae
599 1071 651 1120 est
685 1055 869 1124 facultatis.
907 1059 1092 1130 'Putabam

158 1179 275 1258 etiam,
302 1193 342 1240 ex
365 1174 481 1240 multis
506 1167 612 1244 causrs
632 1171 819 1258 Hispanum
843 1191 882 1238 eo
905 1173 996 1240 ferri.
1043 1177 1093 1242 De

155 1293 353 1375 imperatore
377 1285 543 1364 dubitavi.
608 1284 710 1350 Nunc
738 1305 817 1350 vero
852 1301 904 1369 tot
931 1307 968 1354 ac
1001 1303 1093 1357 tanta

154 1408 251 1472 video
295 1415 483 1488 argumenta
517 1398 659 1481 adferri,
703 1419 763 1465 cur
786 1400 825 1488 is
858 1399 947 1466 credi
976 1401 1091 1472 debeat
1164 1421 1166 1426 ·

154 1522 248 1584 malle
275 1519 363 1582 bello
390 1515 459 1582 frui
493 1533 590 1596 quam
620 1531 730 1595 pacem
756 1512 831 1578 dare
860 1529 892 1578 et
920 1516 1090 1610 accipere,

153 1645 284 1701 utnon
312 1629 452 1715 segniter
476 1629 511 1693 id
539 1628 695 1693 omnibns
724 1625 779 1692 iim
804 1639 953 1708 apertum
980 1629 1091 1697 factu·

153 1763 234 1828 rus,
262 1759 296 1810 et
317 1743 632 1826 aquis-hominibus
651 1741 771 1820 facile,
785 1755 824 1808 ut
844 1741 1002 1825 confido,
1018 1747 1093 1827 per-¹

124 1892 126 1898 ·
152 1857 309 1928 suasurus
321 1905 334 1939 ‚
347 1859 453 1926 Deum
467 1857 598 1922 interim
612 1873 709 1920 orans
720 1901 733 1935 ,
744 1855 778 1920 in
793 1855 999 1926 euiusaranu
1016 1858 1091 1926 sunt

152 1973 256 2039 eorda
272 1972 427 2056 Regum,
449 1971 594 2035 uter'in
617 1983 748 2052 partern
770 1969 936 2036 mitiorem
957 1989 1089 2055 vertat,

56 2104 60 2109 ’
150 2101 258 2168 utque
286 2103 361 2152 cum
387 2080 517 2162 Daris,
547 2083 605 2164 qni
638 2082 859 2150 inevitabilem
891 2084 1013 2152 Suedis
1037 2107 1091 2154 ar·

151 2217 281 2267 morum
316 2197 537 2265 neeessrtaoenr
563 2196 729 2278 indixere,
753 2215 812 2262 rm·
835 2217 933 2279 qnam
959 2201 1089 2274 minime

149 2330 227 2380 cunr
252 2312 404 2398 sanguine
432 2311 642 2396 transigatur.
681 2313 833 2378 »Batavi
852 2314 885 2378 in
915 2333 952 2380 ea
976 2333 1009 2379 re
1038 2317 1089 2382 vi·

149 2429 272 2494 dentur
306 2424 377 2490 fore
414 2425 620 2490 cordatiores
653 2445 751 2506 quam
784 2403 874 2490 fuere
910 2421 1087 2496 hactenus.

147 2544 224 2626 Ego
258 2559 338 2621 eoa,
371 2540 431 2621 qui
465 2539 533 2626 illis
565 2539 599 2603 in
626 2539 713 2604 locis
748 2555 815 2604 mea
848 2538 983 2606 coniitia
1017 2555 1087 2608 nort

148 2655 333 2740 spernunt,
358 2654 495 2720 incitare
526 2671 595 2718 non
625 2651 789 2735 desinam,
820 2669 858 2720 ut
882 2652 1087 2722 occationem

146 2769 231 2838 hanc
255 2767 367 2834 fronte
391 2770 545 2851 capillata
571 2767 745 2850 arripiant.
790 2769 1007 2836 Excellentiae
1029 2791 1088 2836 an·

116 2969 117 2975 ¹
148 2895 213 2950 tem
239 2883 391 2965 Vestrae,
423 2877 647 2950 illustriafiare
666 2883 1086 2952 etExcellentisiimeDn-

908 3023 916 3038 .
982 2991 1059 3038 xvrr

149 3009 255 3105 nrine,
271 3025 389 3092 'omnia
410 3036 492 3109 opto
517 3021 753 3108 prosperrima.
799 3021 966 3103 Lunna,
989 3061 1088 3076 --

981 3097 1087 3148 xxvii

41 3259 44 3264 Ι
146 3169 294 3270 Augusti
319 3180 563 3247 clilochiv.

713 3289 844 3358 Excell.
870 3290 1000 3355 Vestrae

470 3407 664 3488 perpetuum
689 3404 872 3470 serviturus
898 3421 935 3470 ut
960 3391 1062 3471 deb'eo

674 3579 678 3589 .
735 3520 781 3590 H·
810 3521 1040 3608 Gnoarns.
