3030 5102
842 420 1002 506 (ΧΥ

402 601 408 614 “
428 597 502 666 'aliis
524 611 563 662 ert
590 591 724 659 indiciis
743 591 960 674 probabiliter
975 590 1054 656 satis
1073 590 1112 657 de
1130 611 1166 661 ea
1185 589 1368 669 existimati

424 727 553 798 potest.
600 708 745 773 Videtur
761 723 874 787 nempe
896 709 973 772 haec
991 708 1222 788 Epistolarum
1244 717 1367 779 collec-

423 829 473 894 tio
492 821 771 911 exOrrenstiernae
793 821 969 885 hereditare
988 821 1144 905 superstes
1165 827 1246 892 ease.
1276 829 1364 896 Nam

423 960 506 1023 qnae
529 937 643 1004 Grotii
674 937 850 1017 Epistolae
876 937 1057 1020 leguntur5
1078 955 1152 1014 eae,
1177 957 1295 1024 utpote
1326 944 1368 1010 ad

421 1053 665 1118 Orenstierlram
684 1049 909 1129 reverendae,
934 1052 1139 1123 authenticae
1158 1053 1232 1118 sont
1251 1072 1283 1121 et
1309 1057 1361 1123 ni·

417 1167 487 1233 tide
508 1167 660 1248 scriptae.
725 1161 818 1247 Quae
844 1181 923 1228 vero
951 1164 1027 1228 sunt
1052 1163 1226 1246 Epistolae
1248 1145 1361 1236 Oiten-

417 1281 572 1366 trimme,
597 1297 649 1344 eae
667 1278 897 1360 Epistolarum
916 1259 1159 1346 scribendarum
1190 1282 1265 1348 lunt
1290 1299 1359 1349 ten·

419 1395 541 1459 tamiua
560 1406 592 1456 et
612 1393 783 1476 pericula,
808 1393 916 1457 minus
947 1410 1120 1474 accurate,
1146 1410 1184 1459 ut
1200 1385 1259 1475 lit,
1280 1415 1363 1462 con·

415 1509 562 1591 scripta,
599 1524 667 1570 non
691 1523 772 1570 vero
799 1506 973 1587 Epistolae
1002 1507 1042 1571 ad
1072 1507 1197 1588 ipsum,
1226 1511 1281 1576 cui
1308 1512 1360 1578 itt·

414 1622 557 1704 scriptae
580 1619 679 1700 sunt,
705 1619 923 1702 deuehendae.

454 1737 503 1804 Et
526 1732 763 1818 haec-quidem
788 1735 963 1800 hactenus.
1032 1734 1122 1799 Num
1146 1735 1225 1800 haec
1255 1737 1359 1804 editio

412 1867 535 1918 novam
571 1845 741 1929 quamdam
775 1847 897 1932 gloriae
930 1861 962 1910 et
994 1849 1102 1914 laudis
1136 1850 1356 1918 accessronem

411 1943 665 2046 incomparabili
713 1975 832 2026 nostro
875 1961 1002 2030 Grotio
1058 1967 1246 2045 praebitura
1292 1965 1355 2045 stt,

409 2091 656 2144 nostrumnon
681 2090 732 2140 est
757 2077 915 2142 iudicare.
966 2077 1062 2155 Hoc,
1093 2078 1125 2141 ni
1152 2077 1275 2159 fallor,
1300 2082 1353 2144 lu‹

310 2228 315 2234 ·
409 2193 558 2258 culenter
584 2202 750 2254 testantur
767 2193 966 2277 Epistulae,
994 2196 1076 2277 qnae
1097 2211 1184 2257 nunc
1209 2193 1353 2275 primum

356 2375 359 2382 ,
406 2309 443 2372 in
468 2308 574 2371 lucem
599 2305 789 2386 prodeunt,
836 2308 994 2371 Grotium
1021 2321 1183 2389 tamquam
1211 2309 1352 2389 legatum

406 2399 584 2498 Sdecicum
616 2421 649 2484 in
684 2420 836 2501 politicis
868 2434 900 2484 et
938 2421 1162 2502 diplomaticis
1205 2419 1349 2503 negotiis

403 2535 627 2620 procurandis
653 2511 806 2598 suminam
826 2534 1015 2615 prodidisse¹
1038 2519 1070 2600 et
1094 2534 1292 2617 probitatem
1313 2544 1348 2598 et

403 2651 612 2732 prudentiam
636 2661 667 2711 et
694 2648 871 2711 solertiam.
938 2648 1018 2711 Non
1042 2649 1231 2732 ignoramus
1258 2643 1346 2710 fuis·

402 2761 457 2842 se,
480 2765 537 2843 qui
560 2761 818 2840 contenderent,
838 2760 1021 2849 Gratiam,
1043 2761 1196 2825 Lutetiae
1207 2759 1348 2824 Parisro·

401 2895 474 2941 rum
502 2876 534 2939 in
560 2877 722 2960 legatione
751 2876 939 2958 degentem,
965 2875 1023 2938 suo
1045 2876 1146 2958 magis
1173 2872 1344 2938 indulfisse

324 2966 330 2974 ⁴
398 2993 568 3057 literarum
596 3004 629 3054 et
657 2990 866 3072 antiquitatis
890 2989 1025 3068 -studio,
1059 3007 1155 3070 quarn
1184 2986 1276 3072 quod
1298 2989 1345 3052 le·

399 3108 467 3190 gati
497 3125 629 3176 munere
659 3103 773 3170 sedulo
806 3121 843 3166 ac
866 3103 1043 3187 diligenter
1070 3103 1153 3166 esset
1185 3104 1341 3168 functus.

400 3221 465 3287 Sed
487 3221 582 3306 longe
609 3220 701 3284 aliter
731 3219 760 3281 se
786 3237 850 3281 rem
874 3216 1048 3294 habuisse,
1072 3231 1170 3295 atque
1195 3217 1244 3279 illi
1266 3216 1342 3297 opi·

398 3349 540 3414 riantur,
566 3353 606 3398 ex
631 3335 684 3398 his
710 3334 806 3396 etiam
833 3330 1001 3414 Epistolis
1025 3316 1154 3392 abunde
1184 3343 1335 3412 apparet.

440 3473 564 3560 scripu
586 3473 818 3543 amstelodami
843 3475 945 3543 mense
962 3474 1053 3540 Maio
1075 3481 1312 3538 rrnccc'xrtrrt.

926 3677 962 3736 C.
983 3677 1019 3735 A.
1049 3675 1151 3734 DEN
1179 3671 1284 3734 TEX.

874 3779 996 3840 lullituti
1015 3781 1086 3853 regii
1107 3778 1218 3850 Belgici
1238 3777 1337 3837 tertiae

980 3884 1067 3944 Classr
1086 3885 1121 3942 ab
1141 3883 1222 3944 actis.

1257 4037 1338 4106 SE·
