3030 5102
405 415 465 478 or
542 389 1205 483 airoontscnorrt

401 595 549 652 veterum
568 580 764 664 repetitione
784 601 908 648 omnem
932 582 1134 649 Reformatis
1161 570 1228 648 iilis
1254 580 1344 652 demi

405 687 511 764 turam
537 713 683 777 metum,
709 695 801 779 quod
824 695 895 760 iane
920 696 989 763 fieri
1013 716 1101 780 opus
1124 710 1197 777 est,
1223 711 1258 760 ut
1280 713 1341 760 no·

403 811 480 880 v'are
510 811 723 894 cupientibus
750 809 960 878 subtrahatur
998 827 1062 876 tant
1096 826 1215 894 potens
1246 827 1341 890 para-

359 940 542 1018 stumque
576 923 772 989 fomentum.
839 924 887 990 Et
913 902 964 992 ad
1000 943 1068 992 eam
1107 943 1171 989 rem
1212 923 1341 998 annitar

407 1043 567 1124 qitantnnt
594 1053 726 1119 potero.
786 1037 919 1104 Castris
945 1038 985 1102 ad
1010 1037 1204 1103 Theodonis
1232 1037 1345 1100 villam

407 1153 656 1219 circumiectum
688 1152 748 1216 iarn
778 1166 829 1215 est
862 1152 985 1216 vallum
1017 1153 1073 1216 cui
1100 1149 1258 1216 firmando
1286 1145 1344 1212 'in-

407 1267 642 1344 teriiciuntnr,
666 1279 704 1329 ut
721 1264 790 1332 fieri
812 1264 916 1346 solet,
936 1268 1084 1331 castella.
1110 1265 1199 1354 ‚Spes
1217 1277 1268 1327 est
1286 1262 1347 1326 bo·

390 1385 461 1475 na.
476 1373 582 1464 *Quo
604 1379 714 1444 iturus
739 1379 778 1443 iit
799 1365 1011 1445 'Guebrianus
1036 1380 1143 1444 adhuc
1166 1377 1343 1443 nescimus.

370 1523 371 1526 ¹
406 1495 488 1566 Dux
512 1493 679 1571 Carolus,
711 1492 733 1558 st
765 1492 906 1577 pecunia
937 1493 1055 1574 detur,
1089 1491 1240 1576 promifit
1264 1508 1345 1557 con·

403 1607 589 1690 sciptutum
618 1591 648 1670 se
674 1619 788 1671 octo..
817 1651 827 1670 .
854 1651 863 1671 .
887 1607 989 1674 millia
1014 1607 1168 1672 militum.
1239 1605 1346 1670 Tenet
1405 1619 1412 1628 ·

405 1720 436 1788 se
467 1721 552 1784 inter
583 1719 723 1786 Nicrum
752 1727 789 1783 et
821 1719 987 1786 Rhenum.
1054 1721 1180 1806 Regiae
1212 1719 1342 1804 Regens

408 1836 530 1920 Regem
555 1832 729 1902 assuefacit
753 1848 792 1898 ut
815 1835 966 1916 quotidie
993 1833 1049 1900 det
1066 1831 1237 1916 pecuniam
1263 1834 1347 1916 pad-

299 1987 304 2001 ι
408 1950 569 2034 peribus,
585 1948 702 2014 diebus
720 1949 895 2022 dominicis
919 1951 1025 2015 multo
1042 1950 1133 2033 plus.
1181 1949 1266 2012 Sunt
1285 1945 1346 2027 qui

401 2063 435 2158 'ei
459 2061 612 2144 suadent,
645 2077 681 2127 ut
710 2064 850 2128 obtentu
874 2063 1075 2129 necessitatis
1100 2082 1206 2127 rerunt
1224 2061 1343 2140 Galliae

408 2177 590 2268 exenrpiunt
618 2175 773 2258 sequatur
798 2177 939 2243 'Henrici
962 2161 1026 2257 W,
1058 2177 1114 2260 qui
1139 2175 1256 2259 Regno
1285 2173 1344 2238 suo

408 2288 577 2354 consuluit
610 2287 727 2370 spretis
765 2288 966 2372 foederibus,
1005 2312 1077 2374 quae
1114 2290 1228 2370 paullo
1270 2301 1343 2352 ante
1392 2333 1397 2343 .

406 2422 482 2468 cunr
505 2403 617 2486 AngIo
640 2401 845 2495 Batavisque
864 2389 1008 2485 iecerat,
1047 2418 1079 2467 et
1104 2401 1228 2467 solenni
1255 2403 1341 2466 iura·

406 2531 515 2587 mento
543 2515 741 2584 firmaverat.
798 2519 964 2586 Caeterurn
989 2535 1026 2583 ut
1047 2535 1097 2582 est
1124 2516 1220 2584 animi
1247 2514 1342 2580 valde

408 2629 573 2718 generosi,
617 2632 746 2696 minime
773 2632 871 2697 eredo
895 2651 962 2698 earn
990 2627 1342 2716 pariturameoniiliis

407 2760 521 2825 parum
546 2742 720 2823 honestis,
745 2745 826 2829 saepo
848 2765 905 2810 nee
928 2749 1024 2811 tutis.
1072 2748 1108 2812 si
1126 2747 1198 2810 Rex
1214 2745 1343 2828 Angliae

406 2853 489 2921 velit
513 2852 596 2925 serio
623 2854 652 2917 se
677 2855 874 2940 obstringere
905 2859 939 2923 in
964 2856 1074 2922 foedus
1103 2877 1177 2922 curn
1209 2858 1341 2938 Gallia,

405 2968 548 3054 primunt
575 2967 615 3036 ad
639 2970 759 3038 tuenda
788 2969 875 3055 signa
901 2970 1014 3034 deinde
1040 2970 1080 3034 ad
1103 2970 1342 3037 restitutionem

405 3081 635 3163 Palatinatus,
667 3101 734 3147 non
766 3083 884 3150 dubito
918 3085 998 3168 quin
1026 3085 1176 3170 futurum
1205 3084 1264 3167 iit,
1304 3099 1343 3153 ut

405 3195 582 3270 hieratio
616 3198 796 3282 reperiatur
827 3216 900 3263 eum
934 3201 1053 3283 Regem
1094 3199 1272 3278 reponendi
1307 3200 1340 3264 in

363 3373 365 3376 .
403 3321 472 3376 eam
507 3322 704 3394 potestatem
744 3313 878 3395 quand
910 3311 985 3376 sunt
1012 3311 1169 3374 hactenns
1198 3313 1338 3376 maiores

404 3419 490 3487 eius.
560 3421 743 3490 Davauiius
771 3427 909 3488 multum
935 3439 1047 3504 captat
1069 3424 1150 3488 a'ula'e
1181 3423 1339 3492 Romanae

361 3583 363 3590 .
407 3534 553 3618 gratias,
586 3533 743 3620 quadan
773 3537 905 3618 publico
937 3537 1087 3628 expedire
1118 3538 1265 3620 censeat,
1298 3561 1337 3606 an

405 3647 439 3712 in
463 3649 534 3730 spes
559 3646 653 3729 snas,
678 3666 743 3712 non
766 3648 913 3715 dixerim.

417 3851 420 3862 Κ
449 3759 751 3848 ReginaeRegentis
782 3763 938 3828 valetudo
974 3782 1032 3847 per
1066 3766 1193 3831 labores
1228 3766 1337 3831 conti·

403 3891 491 3946 nuos
524 3875 729 3946 etinsttetos
758 3876 916 3949 labefacta
937 3895 1005 3944 non
1034 3879 1117 3950 nihil
1140 3877 1337 3966 reviviscere

429 4007 436 4016 ·
1287 3993 1338 4060 in·
