3014 5098
322 413 628 494 nrrsronm
671 421 957 494 ruentem·
1067 447 1111 514 93
1219 391 1223 400 “

159 594 319 664 'sutrensis
348 609 456 676 autem
483 608 670 658 conventus
692 573 766 660 ‘erat
788 597 990 662 mansurus„
1020 597 1104 664 Gre-

164 710 324 776 monvilla
351 709 479 793 legatus
500 707 619 774 Galliae
636 709 774 774 Romam
794 710 910 790 veuit,
936 711 1104 792 multaque

163 823 279 888 attulit
305 821 414 888 secum
435 838 553 890 contra
569 823 776 889 Cardinalem
793 822 996 890 Antonium.
1038 827 1097 894 Vi·

55 992 60 998 .
147 937 262 1017 „detur
283 938 372 1024 Papa
388 937 646 1004 confirmaturus
665 937 880 1020 Episcopos‚
898 956 985 1022 quos
1004 939 1102 1024 elegit

164 1049 237 1116 Rex
251 1049 477 1138 Portugalliae.
525 1053 646 1117 Veneti
663 1066 770 1118 autem
791 1069 859 1117 non
875 1052 984 1116 minus
1002 1071 1102 1134 quam

163 1165 355 1244 Melitenses
375 1186 393 1232 a
411 1166 525 1232 Turca
544 1164 603 1231 srbi
621 1181 791 1232 metuuntt
825 1165 945 1250 habent
969 1168 1118 1248 quidem.

147 1300 300 1364 pacem,
325 1279 378 1344 sed
400 1279 580 1360 incertam,
603 1279 793 1360 diciturque
813 1275 1001 1346 Turturum
1023 1283 1098 1346 Sul·

162 1411 261 1462 tanus
278 1408 412 1477 portum
429 1394 462 1458 in
482 1393 581 1460 Creta
599 1393 730 1478 petiisse
748 1393 975 1472 commodato:
1007 1395 1100 1479 quod

160 1531 238 1575 cum
259 1523 410 1592 negatum
431 1505 491 1588 fit,
517 1523 615 1590 rupta
640 1505 855 1573 commercia:
883 1506 1009 1574 addunt
1028 1509 1102 1592 qoi-

162 1623 236 1687 dam
269 1621 387 1701 etiam,
421 1618 588 1686 aTurcis
620 1634 716 1702 capta
747 1619 895 1701 quaedam
926 1621 1102 1687 Dalmatiae
1143 1677 1145 1682 .

48 1784 52 1790 .
163 1736 259 1816 loca,
284 1755 357 1816 quae
385 1733 797 1799 tenebanturaVeneris:
852 1734 1000 1800 Venetos
1026 1737 1103 1801 mit·
1158 1761 1162 1772 ·

162 1863 229 1914 tere
266 1847 396 1932 quidem
429 1865 562 1916 munera
602 1846 955 1932 Constantinopolim,
1003 1847 1025 1915 sr
1058 1850 1107 1917 srcw

161 1963 285 2046 placari
315 1981 352 2029 ca
385 1965 458 2027 aula
489 1959 618 2045 possrt:
676 1961 805 2026 interim
841 1963 952 2047 augeri
985 1965 1024 2030 ab
1058 1964 1101 2040 iio
1133 2014 1136 2028 .

161 2077 271 2144 Cretae
305 2067 473 2160 prandia,
501 2076 702 2156 militemque
730 2073 829 2140 scribi
863 2076 897 2141 in
925 2075 1036 2142 Tiroli
1068 2089 1103 2142 et
1182 2142 1185 2150 ,

160 2191 307 2258 Rhaetla.
380 2191 492 2262 Calnle
529 2191 563 2256 in
599 2182 694 2256 Itdlla
731 2189 904 2276 diligenter
934 2183 1102 2258 ¹muniunt

159 2305 264 2374 Galli.
291 2305 531 2372 'Marescallus
552 2303 695 2370 Turenae
723 2304 829 2385 Spirae
850 2320 914 2368 est.
960 2306 1103 2374 Austris

158 2418 355 2500 Imperatori
375 2417 501 2482 donare
524 2416 650 2480 dicitur
672 2417 774 2480 millia
798 2417 999 2482 florenorum
1025 2440 1100 2486 cen·

160 2545 231 2596 tum
256 2544 295 2594 etl
312 2529 408 2612 supra
435 2529 611 2616 sexaginta.
689 2529 726 2593 In
758 2529 889 2614 Belgica
916 2531 1101 2614 Hispanlca

159 2645 270 2729 magui
293 2643 377 2710 liunt
403 2643 564 2710 delectus.
612 2645 743 2710 Rumor
766 2643 899 2725 quidam
924 2661 995 2727 est,
1021 2647 1100 2721 duci

160 2779 178 2826 a
202 2759 291 2845 Rege
312 2757 483 2841 Hispaniae
500 2758 655 2842 ¹sororem
678 2762 787 2842 magni
809 2760 916 2825 Ducis
942 2779 1015 2841 quae
1040 2763 1103 2834 tri-ff

159 2874 251 2960 ginta
276 2887 411 2938 etocto
432 2873 530 2938 habet
551 2893 669 2940 annos.
718 2875 851 2959 Regina.v
866 2877 994 2958 Regens
1021 2895 1101 2955 qua-

159 3002 240 3052 tuor
267 3005 367 3052 111111
391 2987 508 3070 longas
535 2986 966 3078 11101111111111111111111.
1013 2989 1104 3056 Sunt.
1214 3013 1217 3019 ·

160 3101 217 3183 qui
246 3101 400 3184 suadent,
424 3101 466 3166 ad
489 3101 644 3184 pecunias
673 3102 902 3182 reperiendus,
935 3103 1099 3170 ducentos

157 3193 461 3281 111111101’111111101
489 3216 667 3301 exigendos
696 3217 736 3280 ab
762 3215 827 3294 iis,
862 3216 919 3296 qui
947 3235 1101 3285 carrucas

157 3331 291 3395 habent.
358 3331 398 3396 ln
423 3331 547 3414 Anglia
571 3331 722 3396 audimus
747 3331 793 3394 ita
818 3331 1002 3414 interrupta
1028 3333 1100 3398 col·
1199 3367 1200 3370 =

158 3445 295 3524 loquio,
320 3458 358 3508 ut
382 3445 453 3530 spes
480 3445 520 3510 srt
546 3443 800 3528 earepetendie
847 3459 944 3525 capta
976 3465 994 3510 a
1022 3445 1101 3534 Ρ11-ι
1156 3485 1158 3490 -

157 3557 356 3623 lamentariis
381 3559 707 3642 Scltrouwsburgum
727 3576 759 3624 et
782 3561 1096 3643 scharborougun,

98 3731 100 3742 .
159 3686 192 3736 et
223 3671 278 3738 hic
297 3649 445 3757 [quidem
472 3687 586 3754 captas
617 3692 717 3738 naves
744 3673 831 3751 ΧΠ,
864 3687 1008 3752 quatuor
1030 3695 1097 3740 mn·

160 3786 294 3868 citinas,
318 3790 554 3854 drmamulta:
579 3807 684 3854 novas
713 3787 827 3868 copias
855 3765 950 3852 scribi
975 3809 992 3854 a
1018 3791 1096 3856 Par-

158 3899 389 3996 tarentinis„
417 3901 458 3986 ab
483 3891 706 3973 indemnati
728 3901 882 3986 invectos
913 3902 946 3971 in
972 3903 1102 3979 Primo,

1027 4037 1097 4084 utu·
