3030 5102
387 413 520 494 ‚cii
588 409 1249 494 HU·GO‘NIS·GRO·TI,I

452 594 553 680 rrum,
586 585 620 648 in
649 583 718 678 dies
743 583 870 668 legatos
896 584 994 663 magis
1013 587 1188 674 :magisque
1211 589 1381 684 deprimit.

450 701 531 768 Dux
549 700 695 768 Carolus
712 697 766 762 hic
790 697 867 762 suos
885 697 991 780 misit,
1012 717 1048 767 ut
1068 721 1125 783 per
1148 703 1382 794 duccmAure·

451 813 621 880 iitmensem
640 833 690 878 res
710 811 783 898 suos
806 794 998 896 componat.
1056 817 1169 896 Dicit,
1190 817 1229 882 ad
1252 837 1287 884 ea
1307 839 1380 900 quae

451 947 490 992 ex
511 927 621 992 Gellia
648 925 677 990 ei
698 925 787 1010 fuere
814 928 1007 1020 proposita,
1031 949 1097 994 mon
1122 933 1217 1014 posse
1246 931 1274 997 se
1296 953 1381 1000 arma

450 1027 969 1124 sumere'conuaimperatorem,
986 1058 1018 1108 et
1044 1045 1241 1130 Imperium,
1265 1021 1282 1111 u
1308 1049 1381 1130 qui·

394 1161 399 1173 ’
445 1157 510 1220 bus
539 1152 636 1219 feudo
666 1154 802 1234 habeat,
832 1154 927 1218 etium
959 1172 1078 1237 praeter
1101 1159 1376 1246 ,Lotharirrgiam

447 1269 635 1350 Desiderat,
657 1266 878 1334 Marsrilacum
904 1268 962 1334 fibi
992 1270 1107 1356 reddi;
1144 1274 1273 1366 iudicio¹
1290 1295 1379 1342 exer·

448 1386 515 1450 ceri
542 1381 581 1448 a‘d
606 1382 717 1448 fanum
749 1383 860 1449 Sancti
881 1384 1058 1450 Michaelis
1085 1388 1207 1468 pariter
1235 1390 1318 1474 regis
1346 1405 1378 1454 et

375 1489 376 1492 ¹
448 1499 508 1564 suo
528 1498 681 1580 nomine3
714 1497 921 1563 Nanciacum
940 1496 997 1564 sibi
1024 1500 1125 1566 itaut
1148 1517 1199 1568 est
1223 1504 1376 1584 restitui,

446 1613 505 1680 ubi
532 1633 595 1694 pax
627 1612 698 1682 crit.
722 1609 822 1686 facta.
886 1611 1033 1676 Bararus
1068 1613 1115 1680 ita
1143 1618 1270 1706 paciuci
1303 1622 1377 1684 vult

447 1705 523 1790 mim
546 1725 676 1806 Gallia,
702 1739 739 1790 ut
766 1725 804 1790 ab
836 1723 882 1789 eis
909 1739 1010 1790 terras
1044 1725 1117 1792 suas
1151 1731 1301 1796 intactas·
1322 1734 1378 1798 ha·

447 1841 545 1920 beat,
582 1839 649 1922 ipse
671 1840 744 1906 suas
779 1839 893 1921 copias
929 1858 995 1904 non
1029 1839 1109 1908 smat
1143 1844 1188 1908 ire
1221 1846 1260 1910 ad
1296 1819 1378 1911 infc-

445 1952 576 2022 r'cndam
595 1955 661 2020 vim
680 1955 819 2034 Gallice,
846 1967 1019 2034 caeterum‚
1046 1975 1063 2019 a
1081 1955 1289 2024 defendendis
1314 1960 1377 2024 Im-

442 2069 526 2153 perii
548 2069 645 2134 terris
663 2088 729 2134 non
752 2067 848 2152 posse
870 2067 965 2132 semet
982 2068 1166 2152 abstinere,
1191 2072 1374 2138 iuramento

444 2183 486 2248 ad
513 2183 547 2247 id
570 2183 764 2268 obligatum.
811 2180 925 2246 Audio
943 2183 1148 2248 Cardinalem
1167 2186 1376 2254 Mazarinum

445 2316 553 2362 aurem
580 2296 721 2378 praebere
748 2294 800 2360 his
831 2295 1105 2378 conditionibus,
1134 2318 1214 2364 nam⁴
1240 2316 1272 2364 et
1301 2321 1375 2368 cum

443 2408 624 2478 Marsrliaci
648 2405 807 2492 praefccto
836 2408 902 2492 egit
930 2429 968 2474 mr
996 2412 1093 2476 vellet
1120 2430 1181 2496 pro
1212 2414 1268 2478 ilia
1292 2431 1376 2496 ptae·

442 2503 570 2604 sectum
590 2525 745 2591 vicariam
773 2523 920 2614 accipere
944 2515 1043 2590 Meti.
1092 2527 1151 2600 ,Ex
1175 2529 1199 2592 F
1203 2530 1374 2595 rancofur·

443 2655 481 2730 to
500 2640 681 2718 discimus,
699 2636 919 2710 uehementem
939 2638 985 2702 ibi
1003 2638 1069 2703 esse
1083 2642 1375 2709 consternationem

323 2823 326 2832 ,
398 2789 400 2794 -
442 2755 487 2820 ob
515 2752 734 2834 irruptionem
754 2766 947 2817 nostrorum
971 2752 1004 2816 in
1028 2753 1210 2820 Holsatiam
1233 2771 1265 2820 et
1290 2758 1376 2822 vici·

386 2884 388 2888 ’
441 2889 484 2936 na
509 2870 603 2932 locat
648 2863 809 2946 scripsisse
842 2881 1043 2932 conventum
1075 2868 1133 2952 qui
1173 2869 1218 2933 ibi
1253 2885 1303 2936 est
1333 2870 1375 2936 od

440 2983 676 3075 Imperatorem
699 2976 761 3064 pro
780 2979 880 3046 vidua
894 2982 1056 3049 Electrice
1078 2982 1226 3061 Palatina
1243 2998 1275 3050 et
1290 2984 1373 3050 duce

442 3089 671 3170 Zimmerensrt
718 3095 904 3162 Electorcm
933 3113 1039 3164 arietem
1072 3099 1371 3184 Brundeburgicum

441 3211 616 3292 interesse,
651 3227 718 3291 quo
748 3209 856 3274 minus
891 3211 992 3276 iiterae
1028 3211 1066 3276 ad
1105 3212 1224 3296 Regem
1256 3213 1371 3282 Daniae

439 3327 679 3406 scriberentur,
719 3327 831 3409 quales
862 3324 1009 3390 Bavarus
1046 3325 1231 3391 *dictaverat
1265 3328 1299 3390 in
1338 3345 1371 3392 re

440 3417 609 3510 Palatino:
661 3452 694 3504 et
734 3439 847 3504 ducem
889 3439 1047 3503 Carolum
1076 3436 1119 3503 'et
1159 3438 1371 3514 Hazfeldium

348 3559 351 3566 ’
418 3576 557 3641 ⁴magua
591 3572 631 3618 ex
665 3551 755 3638 'agris
793 3553 945 3637 colligere
985 3552 1130 3630 tributa:
1188 3568 1299 3620 motus
1324 3556 1369 3620 'ab

438 3670 610 3754 Huogaria
637 3666 829 3750 exspectari.
884 3665 1035 3732 Goriuus
1064 3669 1192 3752 Angliae
1220 3671 1368 3766 legatus,

439 3785 479 3850 de
507 3784 611 3848 federe
641 3797 775 3861 taccnS,
807 3780 889 3846 nihil
913 3781 1032 3862 quaerit
1058 3783 1168 3863 aliud,
1201 3803 1296 3866 quum
1331 3799 1368 3852 ut

436 3898 547 3965 Gallia
579 3895 753 3964 fideiubeat
788 3896 1030 3990 propccuuiis
1062 3915 1143 3978 quas
1175 3915 1193 3964 a
1225 3898 1367 3992 privatie

1320 4011 1375 4076 hic
