3014 5098
272 469 275 480 .
318 409 625 484 EPISTOLAE
669 413 949 484 INEDITAE.
1066 417 1110 500 ds

166 585 312 654 koczius
334 587 505 652 iuberetur
524 603 610 651 arma
633 584 776 668 ponere,
799 601 838 652 ut
855 584 988 653 Latinis
1014 581 1105 652 resti·

166 715 305 766 tuantur
329 701 439 766 claves
463 700 630 779 sacrorum
653 701 838 781 locorum,
866 719 949 782 quas
975 699 1015 766 ab
1042 698 1101 766 ali·

120 823 127 837 ¹
164 834 234 895 quo
260 831 406 898 tempore
429 813 541 882 Graeci
564 813 698 902 tenent(
760 793 911 890 Videtur
928 813 1011 880 nihil
1036 811 1102 902 effi?

161 947 246 994 cete.
292 929 427 994 Interim
440 927 490 995 ad
515 928 690 994 Sultanum
716 929 840 1012 perlata
866 925 943 993 sunt
967 943 1100 992 centum

160 1057 194 1107 et
221 1043 463 1127 quinquaginta
485 1041 587 1106 millia
609 1027 844 1121 sequinorum,
875 1059 915 1104 ex
938 1041 1098 1108 thesauris
1199 1111 1204 1120 ⁸

158 1157 298 1241 repertis
316 1157 406 1238 apud
422 1156 598 1221 Tunetem.
645 1153 746 1220 Forte
769 1153 911 1220 illisum
935 1153 1098 1236 thesauri,
1174 1231 1178 1249 .

134 1272 197 1336 de
242 1251 365 1354 quibus
407 1271 486 1336 olim
511 1255 682 1336 'Celellius
718 1268 840 1351 Bassus
880 1269 1099 1368 somniaverat
1170 1277 1172 1282 ’

154 1387 245 1469 apud
264 1384 435 1450 Tacitum.
480 1383 667 1462 Audimus,
688 1381 754 1447 LV
768 1383 977 1458 Ducatorum
996 1384 1099 1450 millia

87 1566 89 1570 ,
156 1517 175 1564 a
197 1498 341 1582 Neapoli
357 1497 585 1564 Mediolanum
603 1496 712 1562 mitti:
740 1512 856 1580 quater
881 1510 988 1564 autem
1008 1483 1103 1562 mille¹

155 1611 268 1696 augeri
284 1611 464 1678 exercitum
482 1609 705 1692 Hispanicum
721 1610 756 1676 in
773 1601 956 1677 Catalania.
1012 1611 1097 1674 liec-

155 1723 258 1806 kius,
281 1739 401 1808 praeter
415 1723 742 1826 Luxemburgicum,
767 1726 863 1792 etiam
880 1723 1095 1792 Trevericum

154 1858 269 1926 agrum
298 1854 332 1904 et
368 1813 520 1925 penitima
552 1841 702 1910 Mosellae
733 1840 859 1908 servat:
929 1837 1092 1904 Iohannes

150 1969 260 2021 autem
279 1953 450 2020 Waertius
474 1954 538 2020 bis
554 1954 643 2020 mille
665 1970 698 2019 et
726 1955 946 2040 quingentos,
971 1953 1113 2045 partim,

151 2067 308 2150 pedites,
337 2067 458 2149 partim
485 2069 636 2152 equites,
669 2068 794 2134 dicitur
826 2066 1003 2156 Hazfeldio
1035 2065 1094 2132 ad·

142 2179 284 2246 ducere.
351 2180 432 2246 Dux
462 2181 610 2248 Bavarus
647 2182 783 2250 interea⁴
801 2180 1092 2253 militemnovum

148 2285 268 2360 senus
294 2293 382 2376 apuu
405 2277 557 2376 urnam,
581 2298 771 2385 augustam
799 2310 832 2362 et
855 2295 948 2362 artur.
1025 2295 1090 2361 ee.

46 2435 48 2442 v
147 2405 236 2489 pisse
261 2387 369 2471 autem
394 2407 466 2474 eius
496 2408 617 2474 milites
650 2408 811 2474 dicuntur
842 2409 1089 2477 Crombachum

149 2532 182 2584 et
207 2513 407 2585 Brulrsela'm.
454 2520 674 2588 Marescallus
703 2522 944 2588 Castilionaeus
967 2521 1087 2587 Domi·

128 2670 129 2679 1
149 2651 199 2698 11ae
219 2631 428 2721 Boutevilliae
444 2652 484 2698 ex
502 2634 634 2698 decreto
651 2635 846 2700 Parlamenti
868 2633 1086 2722 fignificavit,

139 2765 186 2822 ne
209 2765 245 2812 ea
268 2743 366 2812 filiam
390 2745 479 2813 suam
507 2745 708 2830 filio·ips1us
736 2764 881 2834 nuptum
904 2749 994 2816 daret
1012 2747 1085 2822 ‘stne

145 2860 204 2926 suo
232 2857 376 2926 assensu.
443 2860 570 2945 Regina
596 2861 725 2932 interim
759 2883 812 2928 eas
840 2864 974 2946 nuptias
1005 2881 1086 2946 pro·

146 2988 274 3037 movet.
341 2957 428 3039 Duri
457 2954 699 3058 Longevi'llano
725 2975 926 3042 concessum·
942 2990 1016 3054 est,
1042 2989 1082 3041 ut

143 3084 246 3185 fitxde
272 3083 422 3152 Confilio
445 3085 645 3172 Regiminis.
689 3089 744 3155 Ex
766 3085 989 3155 Francofurto
1013 3087 1083 3154 dis-

143 3201 385 3281 cimus,¹dure
416 3202 595 3268 tractoria
627 3201 880 3286 Gallis‘agrum
917 3200 1081 3267 Darmsta·
1155 3230 1165 3235 s
1218 3219 1220 3225 ’

142 3313 301 3380 diensem:
348 3313 553 3402 Caesarianos
584 3313 712 3398 aliquid
733 3313 898 3400 'cogitasse
927 3315 966 3380 de
997 3313 1080 3380 reci·
1161 3300 1165 3309 ⁸

139 3428 264 3512 ‚piendo
284 3447 341 3510 per
359 3429 494 3514 glaciem
514 3413 797 3513 Philippiburgo,
820 3425 874 3492 sed
897 3427 961 3508 stne
982 3443 1080 3492 tven-

143 3555 195 3607 tu.
241 3541 357 3628 Magni
379 3542 413 3607 in
441 3545 510 3610 illis
536 3545 623 3609 locis
649 3541 725 3608 sunt
753 3536 908 3610 rumores
927 3542 966 3606 de
988 3541 1079 3624 Tur·

49 3643 50 3646 ¹
142 3657 215 3736 cis,
240 3674 353 3741 magna
369 3657 542 3724 Gallorum
563 3657 703 3741 pecunia
721 3656 864 3738 emptis,
888 3667 925 3720 ut
953 3655 1075 3720 bellum

140 3766 284 3834 facerent
305 3770 518 3853 Imperatori,
543 3771 601 3852 qui
625 3788 642 3835 a
665 3768 808 3834 Lintzio
834 3768 952 3832 iturus·
967 3749 1077 3832 crede·

142 3877 239 3944 batur
262 3897 320 3948 aut
347 3883 481 3970 Pragam
508 3899 564 3950 aut
592 3882 820 3948 Neulladium.
887 3881 1075 3970 illectorem

573 3996 641 4078 1²3
858 3980 865 3996 ”
1022 4011 1080 4058 au·
