3030 5102
571 433 734 520 (1¹)'·

158 607 348 680 Historiam
383 604 551 688 politicam
590 617 622 668 et
658 601 904 683 diplomaticam
942 601 1098 686 Europae

158 729 234 792 eius
264 724 445 802 temporis,
477 717 517 782 ad
536 717 627 799 quod
643 716 817 798 Epistolae
836 717 1022 797 pertinent,
1047 720 1099 782 in·

158 839 263 924 signia
286 853 398 917 capere
418 834 615 898 incrementa
631 846 764 896 nonest
784 831 877 914 quod
893 831 1097 896 dubitemus.

160 951 285 1020 'Fessus
300 963 351 1014 est
370 948 529 1014 Ludenus
547 948 580 1010 in
594 946 719 1028 Opere:
748 946 843 1032 Hugu
860 945 997 1012 Grotius
1013 946 1098 1010 nack

156 1069 271 1149 seinen
293 1062 500 1140 Schioksaltn
526 1059 595 1124 und
616 1060 799 1141 Schriften.
854 1059 965 1124 Berlin
992 1063 1098 1140 ruod,

163 1201 199 1263 p.
213 1197 296 1259 239,
322 1177 504 1258 Epistulas·
525 1173 670 1252 Grotii,
685 1173 824 1254 scriptas
859 1189 1004 1254 tempore
1028 1193 1098 1255 quo

162 1295 317 1361 Lutetiae
340 1291 467 1374 degeret
485 1288 618 1352 Sueciae
633 1287 803 1370 Legatus,
828 1287 967 1350 multum
992 1289 1099 1354 valere

161 1407 204 1473 ad
237 1396 464 1470 illustrandam
491 1400 675 1466 Historiam
707 1398 914 1483 gravissimae
944 1400 1036 1467 illius
1064 1403 1101 1469 in

163 1521 263 1586 rebus
289 1517 436 1601 gentium
461 1515 617 1595 Europae
641 1515 769 1578 aetatis.
824 1515 870 1578 Et
896 1515 1101 1598 haecrscrip-

163 1633 224 1713 srt,
260 1651 361 1714 quum
389 1633 522 1694 laterent
551 1646 624 1702 eum
650 1628 756 1692 adhuc
780 1627 894 1693 Grotii
924 1629 1101 1710 Epistolae

163 1755 245 1812 cura
271 1744 471 1810 Meernranni
501 1741 604 1808 editae
633 1742 824 1806 A0,1306!
910 1743 992 1808 Sane
1032 1743 1099 1826 ipsc

162 1861 324 1928 Ludenus
347 1877 386 1924 ex
407 1860 466 1922 hac
491 1858 700 1934 collectione,
728 1875 810 1937 quae
837 1875 924 1922 nunc
951 1859 1103 1938 poblicu-

165 1991 244 2055 tur,
269 1977 407 2040 multum
435 1971 592 2055 prolicere
615 1971 791 2056 potuisset.
852 1975 899 2038 De
928 1975 1025 2036 rebus
1057 1974 1101 2036 lc·

165 2090 313 2175 gationis
345 2088 523 2153 Grotianae
563 2101 644 2168 post
670 2103 807 2152 annum·
826 2088 905 2164 1640
940 2105 1104 2169 perpauca

166 2204 263 2285 apud?
285 2221 356 2266 eum
392 2215 574 2268 occurrunt
614 2201 708 2284 (vide
733 2219 820 2282 opus
846 2199 936 2264 laud.
959 2224 996 2284 p.
1018 2205 1106 2284 275)

165 2332 197 2381 et
229 2319 310 2400 quin
339 2319 436 2399 plura
465 2337 500 2382 ea
528 2317 567 2382 de
594 2335 630 2384 re,
658 2315 796 2386 dicenda
821 2312 999 2396 superfuit,
1025 2314 1104 2396 quis

166 2427 297 2514 estqui
318 2432 508 2510 dubitabit,
532 2445 713 2512 postquam
739 2449 857 2495 novam
883 2431 965 2494 hauc
984 2428 1101 2496 Grotii

121 2553 124 2560 “
165 2545 396 2627 Epistolarum
424 2543 640 2610 accessronern
670 2543 892 2628 cognoverit?
1073 2545 1077 2552 '

170 2694 177 2702 ·
208 2657 247 2720 In
272 2656 490 2720 describendis
521 2657 709 2738 Epistolis‚
737 2675 818 2736 quae
849 2657 911 2720 iarn
939 2657 1103 2740 eduntur,

166 2785 360 2838 contextum
379 2771 519 2836 Codicis
540 2783 690 2834 accurate
713 2769 815 2834 secuti
833 2768 964 2853 sumus3
991 2772 1037 2838 ita
1057 2787 1106 2838 ta·

164 2905 259 2963 men,
286 2899 322 2950 ut
343 2903 424 2967 quae
451 2904 470 2950 a
498 2884 699 2967 descriptore
724 2884 897 2949 commissa
924 2883 991 2950 visa
1018 2885 1104 2966 sant,

155 3002 219 3072 ,rel
239 3000 488 3082 grammatices,
508 3002 560 3064 vel
582 2999 733 3082 inprimis
753 2998 1035 3082 interpunctionis
1056 3000 1108 3063 vi·

166 3113 253 3207 tia,¹
289 3111 454 3176 emendare
482 3125 514 3175 et
550 3113 711 3196 corrigere
745 3131 813 3178 non
848 3111 1105 3195 neglexerimus.
1201 3189 1208 3195 p

51 3268 59 3284 .
105 3227 107 3240 '
168 3227 366 3306 Caeterum,
391 3245 493 3306 quum
520 3225 598 3290 haec
623 3225 792 3290 Collecti'o
816 3223 1048 3291 confidaranda
1067 3224 1107 3292 stt

167 3342 352 3424 praesertim
369 3357 533 3423 tamquam
551 3339 694 3409 accessro
715 3339 1018 3419 Meermannianae,
1036 3358 1107 3406 eam

168 3455 258 3536 apud
280 3457 415 3522 eundem
440 3457 631 3537 Editorem,
664 3471 696 3520 et
722 3454 835 3520 iisdem
867 3455 960 3536 typis
987 3453 1106 3520 descri-

168 3569 304 3635 bendam
328 3573 542 3653 curavimus,
570 3591 636 3655 quo
657 3571 791 3635 facilius
815 3570 997 3651 meliusque
1022 3557 1105 3633 duro

171 3685 400 3754 Collectiones
424 3688 456 3750 in
482 3705 578 3752 unam
602 3687 828 3770 iungerentur.

174 3807 180 3826 '
212 3801 315 3886 Quod
340 3801 380 3864 ad
406 3801 545 3866 Codicis
571 3801 687 3865 attinet
713 3799 893 3883 originem,
918 3798 995 3864 licet
1023 3795 1106 3864 certi

171 3914 352 4000 quidquam
367 3917 427 3983 hac
446 3917 485 3982 de
504 3935 536 3982 re
558 3916 597 3982 ad
614 3933 676 3981 nos
689 3932 757 3980 non
774 3913 980 3999 pervenerit,
999 3927 1106 3980 tamen

1036 4027 1110 4092 aliis
