3054 5094
285 411 289 425 ·
345 407 982 488 omsrmcunrsnurnn.
1074 431 1140 500 m
1205 391 1213 412 “

197 589 326 658 cludum
347 585 566 672 rescripsisse,
598 599 631 650 et
660 599 820 666 quantum
851 584 885 650 in
922 583 1142 672 dispositione

199 705 334 774 subsidii
356 704 420 770 suae
445 703 528 768 esset
551 700 750 785 potestatis,
776 699 898 779 quid've
922 699 957 764 in
980 701 1038 767 tali
1064 700 1140 766 calu

197 819 361 906 agendum
387 817 538 898 censeat,
563 815 668 882 amico
687 813 796 879 animo
819 813 1028 898 fignificasse.
1065 815 1142 880 *si-

201 953 242 999 ne
271 932 375 998 dubio
409 932 506 996 allata
545 929 655 995 eadem
692 927 882 992 iamdudum
916 929 962 994 D.
987 928 1140 998 Vestram

199 1047 434 1113 informarunt.
497 1044 632 1129 Quibus
660 1040 759 1107 corde
786 1041 909 1106 divinae
935 1044 1141 1124 protectioni

200 1161 374 1245 diligenter
397 1156 605 1222 commendo.

241 1274 453 1357 Osnabrugis
477 1287 514 1334 xr
537 1270 695 1335 Decemb.
721 1269 787 1336 A0·
815 1275 1043 1342 clutucxcv.

428 1386 523 1454 Nob.
543 1386 645 1450 Dum.
666 1383 782 1449 Vestr.

499 1569 504 1578 .
601 1497 641 1565 ad
666 1499 773 1564 official
797 1513 888 1583 grata
913 1498 1137 1580 paratissimus

681 1613 761 1680 Ion.
783 1613 1071 1679 Oxuusrreuunr

633 1838 700 1903 IX.

362 2067 609 2192 Noumtscmtu
635 2065 810 2132 Domum!

237 2219 483 2363 Celsrssrnr'us
505 2294 683 2372 princeps,
708 2289 1135 2362 D.Fredericus-Mmchio

189 2403 374 2485 lindensis,
408 2406 536 2468 iteratis
566 2406 723 2482 vicibus,
755 2408 941 2485 nuperrime
971 2426 1050 2472 vero
1076 2426 1136 2489 per

189 2521 400 2608 presentium
425 2516 666 2598 exhibitorem,
691 2517 847 2583 Nobilem
865 2533 896 2582 et
916 2520 1136 2605 Magnificum

190 2635 238 2703 D.
264 2633 465 2700 lornandum
491 2631 736 2713 Guesontium,
777 2631 858 2697 milri
886 2631 921 2696 in
947 2633 1134 2703 memoriam

189 2751 344 2816 revocari
372 2764 405 2812 et
436 2746 542 2812 fufius
570 2748 692 2830 exponi
722 2747 873 2826 curavit,
913 2747 1133 2828 quitatione

148 2915 159 2924 .
190 2851 233 2932 Sss
249 2861 420 2932 Cellitudo
446 2881 508 2943 pro
531 2861 752 2945 recuperanda
775 2858 980 2944 possessione
1005 2874 1038 2924 et
1061 2861 1133 2925 iure

187 2976 325 3044 suorum
353 2974 602 3058 principatuum
624 2989 656 3040 et
685 2976 872 3054 ditionum,
896 2989 971 3040 ante
999 2973 1133 3056 aliquot

188 3109 322 3170 annos,
352 3085 449 3152 fedus
477 3087 612 3154 iniverit
641 3109 715 3154 cum
738 3088 913 3174 Regibus,
946 3087 1132 3172 Regnoquc

187 3203 319 3270 Suediae
343 3213 376 3266 et
403 3201 542 3283 Galliae,
566 3202 733 3283 eidemque
760 3201 951 3293 constanter
971 3203 1132 3270 iohaeren·
1163 3268 1167 3274 .

189 3315 255 3396 do,
276 3319 411 3402 liemper
431 3317 630 3399 speraverit,
656 3331 800 3384 tractatu
830 3329 862 3380 et
892 3333 971 3398 pace
996 3316 1130 3384 univer·

188 3426 267 3508 sali,
292 3431 552 3510 procurantibus
573 3433 728 3498 ambabus
751 3429 909 3510 coronis,
934 3429 1081 3498 unanimi
1096 3443 1131 3496 et

188 3540 298 3607 valide
319 3546 578 3626 cooperatione,
601 3565 773 3612 commune
798 3543 981 3610 Germaniae
1008 3557 1042 3608 et
1065 3543 1129 3610 sru-

187 3651 345 3742 gulorum
373 3655 513 3726 statuum
541 3659 699 3740 salutern,
732 3677 790 3741 per
823 3659 890 3724 vim
927 3657 1066 3724 ablatam
1085 3670 1127 3738 ¹et

188 3771 400 3854 usurpatam,
421 3771 582 3842 redditum
609 3775 670 3839 iri:
697 3775 733 3838 in
756 3791 828 3838 cum
853 3791 932 3838 vcro
951 3769 1067 3852 finem,
1091 3786 1126 3838 et

174 3897 226 3951 'ut
248 3898 341 3956 tanto
370 3888 506 3960 certiori
529 3903 562 3958 et
584 3887 813 3980 favorabiliori
833 3885 934 3974 Regis
959 3885 1127 3954 Christia-

1053 4013 1125 4063 rus-
