3050 5096
281 464 293 474 *¹
338 446 487 520 nurse.
510 463 559 514 m>
584 439 976 514 cnnrsnmrotn.
1066 449 1135 532 125

604 727 723 800 vm.

238 983 242 991 ·
358 953 804 1078 anrrrsstuleorrtrtti

237 1103 430 1260 Tandem
458 1182 637 1267 aliquando
669 1180 710 1250 nd
740 1180 1050 1251 locaTractatnum
1071 1199 1129 1251 vc·

188 1299 242 1366 nit
267 1302 443 1383 primarius
468 1321 487 1366 a
511 1314 603 1382 parte
628 1299 769 1368 Caesaris
794 1297 1130 1382 plenipotentitrius,

189 1414 238 1480 D.
268 1397 389 1480 Comes
414 1412 705 1482 Trtutmansdorf.
788 1411 937 1498 Tempus
970 1410 1132 1498 docebit,

191 1525 274 1607 quid
295 1529 329 1592 in
351 1527 511 1594 mandatis
530 1529 646 1594 habeat
665 1543 697 1597 et
718 1529 771 1594 hic
797 1528 907 1594 moliri
931 1527 1036 1612 velit3
1073 1544 1133 1610 pt·

190 1656 326 1722 temne,
380 1643 507 1724 qualem
540 1643 653 1727 Regna
680 1643 822 1708 sederam
853 1639 914 1706 ssbi
948 1640 1134 1726 proposueq

189 1768 291 1834 runt,
314 1768 346 1818 et
361 1754 535 1822 Germania
557 1777 654 1838 quam
682 1757 816 1823 maxime
844 1769 968 1840 optat,
986 1773 1026 1820 an
1049 1769 1131 1820 vero
1173 1801 1181 1812 ,

189 1867 378 1962 speciosam¹¹
398 1868 488 1934 illam
531 1871 691 1936 internam
736 1869 864 1951 imperii
910 1885 1130 1952 compagem,
1239 1861 1243 1870 “

187 1999 256 2062 qua
293 1979 500 2062 composrta,
556 1982 677 2048 bellum
725 1980 841 2046 deinde
880 1981 914 2046 in
958 1979 1133 2050 Germani·

189 2112 239 2170 cre
282 2094 446 2160 libertatis
497 2110 766 2182 propugnatores
811 2113 943 2164 movere
992 2091 1127 2176 possrt‘.²

189 2205 259 2290 ipse
281 2207 437 2292 agnoscit
456 2207 487 2274 se
507 2206 609 2274 fuisse
627 2210 848 2278 architectum
871 2209 1039 2294 pactionis
1051 2207 1132 2274 Prt-

187 2319 308 2407 genfis.
357 2321 455 2386 Certe
474 2320 498 2386 sr
520 2322 611 2388 illam
628 2339 715 2388 recte
735 2325 908 2405 intuetur,
927 2335 960 2388 et
981 2321 1130 2390 auctori,

101 2473 104 2482 .
187 2437 255 2504 bus
275 2432 414 2515 separati
433 2432 526 2499 illius
550 2445 715 2500 tractatus
741 2435 816 2500 inde
840 2434 919 2499 adeo
937 2435 1133 2516 illnmdam,

187 2567 255 2629 ma,
278 2548 376 2614 facile
399 2545 449 2612 illi
473 2546 536 2614 trit
563 2545 726 2615 iudicium
751 2546 857 2614 facere
881 2547 920 2612 de
948 2549 1041 2614 exitu
1057 2568 1133 2633 par·
1213 2619 1217 2626 ,

186 2661 342 2730 titularis
376 2661 636 2742 transactionis,
667 2663 721 2728 iric
758 2661 927 2728 cudendae.
995 2661 1134 2728 Multos

163 2761 266 2846 'irinc
292 2774 367 2840 inde
391 2790 593 2858 praemonet,
628 2775 693 2842 five
723 2775 925 2859 conscientia
950 2777 996 2860 rei
1021 2774 1133 2842 inseiis

188 2890 274 2958 citer
296 2889 330 2955 in
352 2889 568 2975 Progeniibus
591 2890 700 2973 pactis
727 2890 839 2970 initae,
864 2888 928 2955 five
955 2890 1047 2972 quod
1070 2890 1131 2956 tali
1174 2901 1176 2907 “

187 3008 395 3092 glaucomate
421 3004 575 3069 credulos
607 3002 719 3067 fallere
753 3004 858 3084 velit,
910 3001 1070 3069 cesarem
1098 3017 1131 3070 et

168 3118 259 3195 ,eius
290 3116 422 3184 nomine
444 3116 780 3199 Plenipotentiarios,
806 3135 950 3200 quaerere
971 3118 1133 3206 compost.

186 3231 313 3297 tionem
329 3227 571 3310 {universalem
597 3249 688 3311 quo,
714 3243 779 3296 tam
803 3211 895 3298 extra
918 3251 1015 3314 quam
1043 3233 1131 3300 intra

173 3343 318 3425 -imperii
335 3345 439 3427 fines,
466 3358 581 3428 optata
599 3342 692 3426 quies
714 3345 904 3411 reducatur.
966 3345 1044 3411 Nos
1071 3360 1131 3434 to·¹
1173 3432 1177 3442 Ι

189 3455 252 3522 ties
281 3447 401 3540 delusi,
427 3479 495 3526 non
521 3459 581 3526 niir
604 3461 644 3526 ab
672 3475 793 3526 eventu
816 3458 1050 3526 certitudinem
1073 3475 1128 3526 tot

188 3569 775 3640 constellationumiudicaverimus.
829 3574 894 3640 Hic
920 3574 1128 3658 Osutbrugae

189 3681 259 3750 duo
281 3685 474 3767 cumprimis
492 3682 574 3774 egit.
620 3689 732 3756 Primo
751 3687 1023 3771 plenipotentiam
1039 3687 1129 3756 suam
1175 3777 1177 3780 Ι

189 3795 224 3862 in
251 3797 359 3865 debita
381 3797 601 3874 formanobis
616 3802 780 3868 exhibuit.
827 3800 954 3866 Deinde
973 3799 1125 3868 inutilem

179 3927 225 3978 *tt
244 3912 389 3988 odiosam
404 3916 494 3992 illem
509 3916 794 4005 disputationem,
819 3933 915 4002 quam
935 3929 1027 3984 tanto
1048 3929 1129 3980 tem-

1069 4045 1131 4114 pc·
