3030 5102
405 394 450 485 δ’,
543 337 884 464 nunonis
930 391 1206 464 Gnotlr

204 561 205 568 ’
304 653 306 667 1
406 568 582 660 praesertim
606 568 749 647 saeculo,
777 585 844 647 quo
866 565 945 631 fides
970 567 1070 646 alibi,
1101 582 1133 633 et
1168 569 1202 635 in
1233 571 1345 640 Gallia

408 687 566 764 maxime,
591 699 720 767 perrara
747 695 811 744 est.
858 681 1019 747 Gaudebo
1053 681 1077 746 sr
1108 684 1146 747 de
1180 685 1245 766 iis,
1272 681 1353 770 queo

408 798 484 864 sciri
503 789 670 880 possunt,
690 787 827 875 saepe'et
852 806 963 858 exacte
982 780 1141 878 edocear,
1173 797 1217 862 ‘ut
1245 800 1285 863 ad
1308 821 1345 866 ert

408 913 571 979 sermones
608 926 696 973 meos
731 927 945 990 componam,
981 929 1052 976 narn
1080 913 1175 978 multi
1215 913 1255 977 ad
1293 935 1342 979 me

406 1028 545 1092 veniunt
573 1025 855 1107 percunctatores.
912 1025 980 1110 Qui
1006 1025 1059 1089 hic
1088 1027 1178 1108 eapti
1197 1028 1272 1092 sunt
1302 1045 1343 1095 ex

409 1141 601 1206 domesticis
634 1139 741 1205 Ducis
775 1138 977 1218 Beliifortii,
1018 1157 1085 1204 non
1123 1140 1146 1203 ii
1181 1141 1256 1206 sunt
1288 1144 1346 1224 qui

368 1331 372 1342 .
412 1239 663 1340 buaerebantur‚
701 1271 773 1318 nam
806 1251 1017 1316 confiliorum
1051 1266 1244 1319 arcanorum
1278 1276 1344 1322 tna·

385 1447 386 1450 ¹
412 1370 496 1435 xime
520 1369 644 1433 conscii
669 1366 914 1448 erantCampio
940 1380 972 1430 et
989 1367 1265 1451 ueniregardius,
1289 1371 1346 1451 qni

411 1485 550 1548 evasere.
580 1473 766 1549 Curdinalis
793 1497 900 1545 autem
928 1482 1142 1562 Matrinus,
1161 1497 1230 1547 tum
1256 1486 1347 1566 quod
1400 1545 1405 1554 ,

411 1599 504 1664 'videt
532 1599 656 1662 atrocia
683 1597 716 1660 in
745 1596 774 1660 se
797 1595 948 1676 suscepta
974 1594 1072 1688 fuisse
1096 1595 1249 1677 consilia,
1274 1613 1344 1664 tnrn

415 1711 508 1792 quod
532 1711 622 1775 videt
653 1708 827 1774 errassesse
855 1710 888 1773 in
918 1711 1087 1774 mittendis
1117 1711 1225 1792 copiis
1254 1726 1345 1775 trans

413 1825 568 1920 Rhenum
592 1839 625 1887 et
652 1825 863 1903 Danubium,
888 1843 960 1907 quae
982 1824 1038 1890 etsr
1059 1826 1166 1890 omnis
1189 1827 1251 1889 aiio
1275 1828 1349 1889 cul·

413 1959 456 2021 pa
474 1938 650 2018 abfuisset,
674 1937 780 2001 multo
799 1953 890 2001 erant
914 1939 1069 2002 hostibus
1091 1939 1252 2020 impares,
1278 1960 1347 2004 cre·

415 2054 459 2117 do
489 2053 603 2132 etiam,
627 2052 718 2134 quod
738 2053 772 2116 in
795 2051 910 2118 Rotnae
937 2053 1073 2137 gratiam
1090 2054 1349 2138 RegniSuedici

415 2163 607 2250 dig'ni'toiem
642 2166 731 2229 omni
765 2163 864 2228 modo
896 2166 1076 2250 depressit,
1117 2149 1183 2232 non
1210 2169 1289 2233 bene
1320 2168 1350 2233 se

403 2259 535 2358 ¹'habet⁹
560 2279 593 2342 in
611 2279 835 2361 aegritudinem
853 2281 949 2344 animi
967 2298 1075 2348 tracto
1095 2283 1249 2365 eorporis
1270 2302 1350 2347 con·

417 2395 521 2459 sensu.
567 2391 779 2458 Francoftnti
801 2391 883 2458 fama
908 2413 976 2472 erat
995 2400 1114 2484 Regem
1132 2400 1281 2463 Poioniae
1305 2399 1348 2462 ir·

416 2506 543 2589 rupisse
578 2509 611 2571 in
642 2493 830 2574 Livoninrn.
898 2512 1033 2578 Viennae
1070 2512 1140 2595 spes
1172 2527 1224 2576 est
1258 2514 1349 2597 pacis

417 2639 475 2689 aut
498 2623 702 2688 induciarum
727 2625 961 2707 monstreris,
986 2629 1048 2692 alia
1070 2627 1200 2710 negotia
1220 2642 1252 2690 et
1271 2646 1350 2708 pro·

417 2739 513 2830 piora
540 2738 756 2804 habentibus:
803 2757 834 2804 et
870 2742 903 2803 id
937 2743 1067 2805 sundere
1093 2740 1275 2807 Gaiiasstns
1302 2740 1351 2806 di·

416 2853 518 2916 citur.
565 2852 713 2915 Austriae
740 2852 871 2914 ordines
898 2852 975 2914 dant
1001 2851 1195 2930 Imperatori
1215 2835 1259 2918 ss
1276 2831 1351 2915 tniiss

418 2967 461 3031 lit
485 2966 655 3028 librarum.
703 2968 779 3030 Dux
813 2966 957 3030 [invntus
993 2981 1088 3049 auget
1121 2966 1235 3046 copias
1262 2964 1348 3029 suas.

419 3082 470 3148 De
511 3078 667 3160 hybernis
710 3093 836 3143 certant
884 3081 968 3145 inter
1013 3061 1044 3144 ie
1085 3080 1281 3150 Hazseldins
1320 3091 1353 3144 et

419 3193 622 3260 MurciacuS.
685 3191 828 3256 Videtur
855 3209 960 3259 autern
977 3195 1135 3262 ‘bavarus
1160 3197 1268 3257 minus
1293 3191 1352 3257 mi·

417 3323 548 3388 nosque
581 3285 619 3368 de
647 3305 757 3371 Gallia
787 3305 845 3371 fibi
878 3299 1088 3390 promittere,
1116 3328 1220 3391 eoque
1249 3309 1369 3398 magis

417 3420 449 3488 se
464 3403 637 3502 adiungere
654 3420 859 3484 Austriacis.
906 3424 984 3487 Dux
1002 3424 1244 3506 Lothnringus‚
1266 3423 1350 3484 ntul-

419 3549 453 3599 ta
476 3534 616 3598 collecta
640 3535 807 3614 pecunia‚'
829 3555 869 3600 ex
892 3551 1000 3601 tractu
1029 3536 1286 3620 hingontiacenfi
1317 3549 1351 3600 et

419 3645 647 3730 Franconico,
673 3667 759 3714 nunc
778 3651 827 3713 cis
845 3651 997 3714 Rhenum
1014 3650 1042 3713 se
1063 3655 1196 3731 retulit,
1221 3669 1274 3730 et,
1294 3671 1351 3716 co·

423 3762 508 3824 actis
526 3761 676 3824 Treviris
701 3762 849 3828 conferre
875 3765 933 3845 ipit
959 3765 1082 3831 LXXX
1108 3769 1210 3831 millia
1231 3755 1350 3829 Tittle-

420 3891 533 3943 rorum
549 3874 788 3960 imperialium,
813 3878 886 3943 inde
906 3879 942 3944 in
961 3879 1142 3948 Leodicnm
1159 3895 1251 3964 parnt
1270 3880 1347 3943 snos

1277 4007 1352 4057 nnt-
