3030 5102
334 437 454 523 «ut
549 421 1222 530 uuuoutsueottr

412 611 442 672 se
468 604 686 680 Rakocziusp
727 623 741 663 u
779 599 896 664 Suedis
927 615 1094 682 remotus,
1131 617 1163 666 et
1191 603 1230 666 ab
1263 605 1345 690 2111ae

412 721 564 786 Turcicae
584 716 834 794 sustentaculo3
861 729 1020 795 quantum
1045 731 1194 781 rumores
1211 717 1344 800 ferunt,

344 909 348 914 ¹
410 813 601 898 destitutus.
655 827 710 894 Ad
732 828 964 912 Gravelin-gam
988 829 1117 910 sperato
1148 831 1264 896 melius
1281 851 1353 920 ree

407 947 608 1032 procedunt.
675 943 798 1008 Partim
825 942 918 1006 *enim
949 942 984 1005 vi
1018 955 1138 1023 capta,
1162 945 1281 1026 partim
1305 949 1344 1009 ub

405 1060 565 1128 hostibus
599 1055 753 1122 derelicta
791 1055 888 1134 suut,
931 1073 999 1136 quo
1041 1057 1161 1121 maiore
1202 1058 1343 1126 militum
1408 1118 1411 1122 .
1496 1083 1497 1106 t

408 1189 545 1240 numero
563 1159 650 1235 -urbs'
682 1168 934 1248 defenderetur,
961 1168 1132 1234 castellum
1156 1170 1195 1236 td
1214 1171 1346 1236 emiss-

364 1335 372 1356 .
409 1289 518 1366 rium,
551 1283 666 1348 deinde
701 1285 820 1367 septem
853 1296 1007 1366 receptus
1042 1284 1239 1366 militares‚·
1260 1301 1345 1369 quot

355 1431 357 1434 ·
410 1402 568 1468 reductus
585 1407 730 1478 vocant,
754 1396 992 1462 adiuvantibus
1012 1399 1124 1462 amari
1142 1399 1201 1463 sub
1223 1399 1344 1466 Trom-

407 1517 466 1602 pio
485 1512 633 1580 Batavis.
682 1511 792 1577 Restat
818 1512 899 1576 urbs
922 1509 1013 1595 ipsa,
1041 1511 1081 1575 ad
1099 1529 1196 1592 quatu
1214 1532 1346 1599 oppug-

407 1615 545 1696 neudum
579 1647 650 1708 quae
690 1625 765 1688 sunt
797 1622 999 1705 necessaria,
1033 1626 1154 1708 partim
1188 1643 1205 1689 e
1236 1625 1346 1696 Gallia

409 1717 624 1820 adueuiunt‚.
643 1738 762 1821 partim
789 1755 806 1802 a
829 1737 976 1804 Batavis.
1045 1737 1099 1804 Ex
1123 1737 1345 1805 Frarrcofurto

410 1833 483 1942 quae
508 1855 690 1944 discimus,
713 1845 780 1918 h‘aec
800 1849 895 1918 sunt:
943 1851 1119 1918 Rakoczio
1145 1853 1280 1936 restare,
1308 1855 1346 1918 de

407 1969 533 2054 magnis
563 1965 696 2050 copiis‘,
729 1965 1014 2050 quinque-millia
1051 1966 1224 2050 equitum,
1258 1987 1346 2035 mus·

321 2085 341 2110 ¹
409 2067 594 2168 quettarios‘
619 2081 706 2144 mille
726 2094 758 2144 et
780 2079 967 2163 ducentos,
1001 2081 1172 2147 Heiducos
1195 2083 1248 2147 bis
1274 2084 1348 2148 mil·
1422 2141 1426 2148 .

407 2179 460 2261 le:
509 2194 718 2259 conditiones
753 2195 944 2261 commodas
974 2197 1004 2260 ei
1038 2193 1150 2260 offerri
1174 2215 1233 2280 per
1254 2198 1348 2264 Pala·

406 2311 514 2376 tinum
536 2291 737 2391 Hu'npuriae,
761 2307 945 2388 Genium,
969 2309 1242 2391 Bouchaimiutnp
1287 2331 1345 2377 nec

408 2420 555 2498 dubitari
578 2420 616 2485 de
634 2439 737 2504 pute,
762 2421 819 2487 nist
844 2443 862 2487 a
886 2421 1179 2509 Constantinopoli
1204 2442 1345 2508 tempes-

407 2550 461 2604 tas
486 2555 554 2602 eam
581 2535 710 2600 turbet:
764 2535 849 2618 spem
877 2557 1011 2622 quoque
1037 2539 1103 2604 esse
1128 2540 1243 2620 brevi,
1268 2541 1344 2606 dum

408 2652 516 2717 Dania
533 2649 661 2718 suedos
683 2649 844 2731 distinet,
870 2651 966 2735 posse
990 2653 1116 2735 recipi,
1144 2673 1216 2735 quae
1245 2654 1346 2722 suedi

408 2765 443 2829 in
471 2759 581 2828 Silesra
612 2776 644 2825 et
673 2764 828 2829 Mor-avia
854 2780 987 2832 tenent:
1036 2767 1177 2834 Gallassr
1210 2769 1343 2833 militem

408 2875 449 2943 ad
478 2879 596 2960 egram
629 2876 838 2956 pervenisse,
864 2878 1074 2944 Huzfeldium
1101 2883 1135 2946 in
1159 2882 1344 2948 Franconia

407 2992 512 3058 adhuc
538 2989 670 3058 retineri
693 3009 751 3072 per
774 2990 958 3073 Beretum,
990 2991 1133 3059 subsidio
1162 2995 1221 3080 ipii
1249 2996 1342 3062 futu·

405 3087 693 3191 rum‚s1magnae
713 3106 887 3172 Gallorum
916 3108 1022 3190 copiae
1047 3111 1079 3172 in
1107 3109 1138 3172 se
1164 3105 1341 3194 ingruant:
1411 3115 1415 3120 '

406 3223 513 3309 putari
530 3223 651 3285 bellum
674 3221 707 3285 in
724 3219 890 3287 Hassrcam
914 3223 1068 3302 viduum,
1094 3237 1154 3303 ut,
1182 3226 1267 3288 malo
1284 3225 1344 3288 do·

407 3326 506 3414 mite,
531 3336 671 3416 accipiat
697 3339 782 3418 leges
810 3338 849 3400 ab
870 3337 1089 3417 Imperatore:
1138 3337 1342 3402 Caesariuuos

409 3466 522 3516 omnes
546 3449 662 3532 plenos
690 3448 757 3530 esse
782 3450 877 3512 botrae
901 3447 988 3531 spei:
1021 3447 1215 3516 Bavaricum
1239 3471 1341 3534 quen·

244 3610 248 3622 .
354 3605 359 3615 ·
408 3565 480 3631 dum
511 3561 682 3628 militatem
715 3561 931 3628 architectum
965 3564 1134 3630 ostendere
1171 3567 1339 3646 rationes,

406 3697 463 3762 per
495 3695 578 3761 quas
613 3675 699 3741 intra
735 3690 801 3740 tres
838 3676 958 3742 menses
986 3679 1208 3745 Hohentwilae
1240 3699 1340 3763 rupes

404 3771 517 3855 ¹disiici
549 3787 671 3871 possrt:
730 3789 922 3856 Murescuili
959 3793 1099 3859 Turenae
1135 3792 1339 3873 exercitum,

405 3903 557 3972 nist-dux
578 3891 774 3990 Anguiunus
796 3903 827 3971 se
851 3907 880 3972 ei
905 3909 1109 3994 coniungat,
1138 3907 1221 3973 nihil
1247 3907 1338 3973 aliud
1403 3989 1410 4000 ἱ

1286 4041 1337 4088 ac·
