3050 5096
420 420 807 518 marottarturs
847 415 1278 496 orausrrauurt

419 595 693 682 n'islimiauxilio
725 595 907 660 inhaere
948 597 999 662 uti
1035 595 1171 678 posset,
1212 597 1363 668 statuisse

422 711 463 777 ad
498 713 603 776 aulam
640 709 801 776 Gallicam
834 708 980 794 ablegare
1019 709 1116 792 supra
1157 714 1365 782 nominatum

418 824 727 902 D·Guesontium‚
757 837 871 906 petens
906 823 964 890 has
999 824 1112 890 literas
1146 826 1187 890 ad
1220 828 1365 894 D.Ves-

419 955 524 1018 tram,
549 951 586 1002 ut
614 953 682 1000 uon
707 935 805 999 modo
827 937 870 1002 iis
895 952 1066 1023 pararetur
1095 940 1246 1006 accessus
1275 943 1364 1026 apud

418 1054 654 1131 D.Vestram,
679 1049 852 1116 sedetiam
883 1066 921 1117 ut
946 1053 1080 1135 eadem,
1105 1056 1252 1140 cognitis
1277 1057 1361 1122 iuri-

418 1169 483 1232 bus
508 1179 541 1230 et
565 1179 638 1231 tota
661 1165 774 1231 caussa
802 1165 839 1229 S.
857 1165 1098 1248 Celsttudinis,
1130 1170 1220 1250 apud
1246 1171 1362 1236 minis·

421 1294 494 1346 tros
507 1281 655 1366 Regios,
678 1281 724 1346 D.
743 1278 954 1361 Guesontio‚
973 1284 1007 1346 io
1025 1282 1260 1362 ,commissione
1282 1290 1362 1352 alte-

398 1393 588 1464 ‘memorat
611 1394 798 1477 principis,
823 1393 1036 1468 adiutabilem
1063 1415 1193 1478 operam
1220 1416 1360 1480 praesta·

415 1524 480 1578 tet.
537 1508 626 1575 Huic
654 1508 690 1573 S.
711 1508 929 1574 Celsrtudinis
958 1507 1126 1576 benevolae
1153 1512 1362 1594 requisitioni

415 1626 520 1693 libens
547 1640 667 1688 morem
690 1641 827 1706 gerens,
851 1626 950 1708 longa
968 1622 1070 1705 ipsius
1096 1625 1227 1690 caussae
1252 1641 1286 1690 et
1308 1627 1359 1692 iu·

416 1740 504 1806 rium
530 1736 714 1804 recensione
747 1754 836 1802 rtunc
868 1736 1085 1824 supersede03
1133 1753 1253 1821 utpote
1285 1761 1359 1823 quae

414 1850 623 1917 commodius
656 1863 689 1914 et
719 1851 853 1918 uberius
888 1851 922 1916 in
953 1854 1031 1916 loco
1061 1871 1079 1916 a
1104 1852 1151 1918 D.
1174 1851 1360 1923 Gueioutio

413 1965 579 2052 cognosci
602 1975 778 2046 poterunt.
847 1964 924 2032 Hoc
953 1978 1060 2030 tamen
1086 1964 1300 2034 intermittere
1324 1983 1359 2034 et

412 2078 579 2164 praeterire
606 2097 664 2143 nec
691 2081 827 2162 possum
847 2097 908 2144 nec
937 2069 1064 2146 delieot
1093 2078 1219 2153 scilicet
1244 2081 1359 2166 quod,

415 2192 689 2275 quemadmodum
715 2195 861 2258 Coronae
889 2192 1040 2259 federatae
1073 2196 1361 2280 plenipotentiarii
1462 2211 1464 2218 '

411 2303 537 2393 legati,¹
567 2325 654 2373 nunc
688 2305 816 2371 iunctis
851 2307 995 2372 consiliis
1036 2308 1256 2393 viribusque,
1294 2331 1356 2395 pro

412 2419 620 2487 restitutione
651 2419 868 2501 spoliatorum
906 2417 1046 2486 statuum
1084 2421 1268 2488 Germania
1303 2425 1359 2490 hle

412 2537 626 2613 laboramus,
649 2547 682 2597 et
709 2532 744 2597 S.
767 2531 869 2617 Regia
885 2532 1047 2600 Maiestas
1065 2534 1214 2615 Suediae,
1239 2535 1358 2604 Domi-

413 2668 455 2716 na
473 2667 540 2714 mea
557 2645 839 2726 clementissima,
871 2646 1166 2727 inluminabis,
1196 2661 1232 2714 ut
1260 2670 1357 2733 quam

303 2822 306 2830 .
415 2757 1356 2862 diligentissimahabereturratioCelfisfimiMarchionis

411 2875 596 2944 Frederici:
644 2875 690 2938 ita
721 2875 831 2958 Regiae
861 2875 897 2939 S.
926 2876 1115 2942 Maiestatis
1143 2877 1353 2961 propositum
1388 2943 1393 2952 ,

409 3007 442 3059 et
474 2993 511 3060 S.
541 2989 629 3058 cus.
663 2987 840 3067 interesse,
876 2987 1109 3056 illustrissimo
1142 2990 1189 3056 D.
1224 2992 1381 3061 Comiti-

406 3104 626 3182 n’tlvaufio,
667 3079 725 3184 qui
756 3101 818 3166 iam
850 3100 920 3198 dies
954 3103 1083 3186 aliquot
1118 3103 1151 3168 in
1178 3104 1240 3178 hac
1275 3106 1354 3182 urbe

410 3219 520 3305 degit,
545 3216 674 3282 meliori
697 3216 794 3281 modo
820 3215 1143 3297 commendavimus,
1168 3231 1206 3284 ut
1222 3219 1354 3300 eadem,

408 3357 483 3404 cum
515 3333 652 3418 collegis
689 3307 953 3409 communicata,
1003 3328 1128 3396 mutui-s
1161 3331 1271 3414 operis
1311 3334 1353 3400 ad

409 3461 565 3531 optatum
590 3446 714 3512 exitum
747 3444 993 3525 perduceretur.
1046 3443 1158 3527 Atque
1183 3446 1256 3512 ideo
1279 3465 1350 3516 nou

276 3557 304 3648 Q
409 3562 468 3627 abs
493 3576 526 3625 re
548 3560 672 3639 fustit,
698 3557 777 3640 quin
802 3555 870 3620 imo
888 3555 999 3642 Regiae
1018 3557 1350 3631 MaiestatisSuediae

407 3675 585 3740 intentioni
611 3688 643 3738 et
673 3672 800 3738 uostris
834 3670 1005 3753 laboribus
1039 3675 1265 3758 conveniens,
1299 3677 1349 3756 st,

407 3768 570 3864 imtirimis
597 3785 684 3870 apud
711 3788 1014 3856 Eminentissrmum
1040 3789 1248 3856 Cardinalem
1274 3790 1350 3856 Ma·
1388 3873 1396 3893 ι

408 3901 580 3984 auritum,
605 3902 771 3986 aequitatis
799 3901 905 4002 gloria
929 3917 962 3970 et
988 3904 1188 3978 authoritate
1213 3903 1349 3988 consph

449 4034 452 4040 ·
1227 4038 1348 4099 crtum,
