3050 5096
419 457 488 514 m
549 433 1274 546 rnnnunrsoxnnsrmuum

417 613 768 682 namcouventionem
798 612 974 697 inituram,
1021 617 1113 700 (Hac
1145 620 1359 692 solicitudine

383 729 386 752 ⁸
415 729 495 795 licet
517 727 686 804 intactos,
711 725 823 790 multis
846 727 880 790 in
905 727 1033 809 modis,
1059 749 1121 796 nos
1142 734 1276 800 liberare
1297 759 1359 805 vu·

415 845 480 910 luit
506 844 551 909 D.
583 839 797 918 serviemus,
834 840 868 904 in
897 861 1030 924 eamque
1061 843 1249 916 sententiam
1276 868 1356 919 eunt

413 954 672 1027 Eminentisfimi
691 951 877 1017 cardinatis
899 955 1064 1022 Mazarini
1090 973 1153 1025 tarn
1176 963 1352 1032 Resolutio

414 1071 491 1136 data
508 1047 635 1136 Iesuitae
653 1067 834 1149 navarico,
860 1090 956 1152 quarn
971 1073 1016 1137 D.
1034 1072 1164 1140 Vestrae
1185 1076 1354 1160 intrerted-

411 1174 619 1250 'dem'facta
653 1185 948 1271 communicatio.)
1002 1201 1135 1270 verum,
1168 1193 1352 1274 expenden-

410 1299 504 1364 ¹tibus
536 1297 635 1364 nobis
668 1301 834 1381 ptaeterita
862 1301 996 1367 coniitia
1028 1317 1060 1366 et
1093 1303 1264 1388 actiones,
1290 1303 1349 1386 stay

408 1411 553 1494 ‚tumque
572 1399 761 1495 praesent'em
785 1414 924 1494 Bavari,
953 1431 1214 1503 caeteroruntque
1236 1421 1269 1486 in
1294 1424 1351 1490 iila

407 1529 499 1614 liga,
523 1545 590 1593 non
607 1545 713 1609 pauca
727 1542 931 1608 occurrunt,
956 1513 1181 1615 suggerentia,
1205 1536 1350 1604 Neutra·

406 1643 534 1708 litatem
558 1659 645 1705 nunc
667 1658 735 1704 non
753 1639 835 1704 serio
856 1641 946 1723 peti-3
995 1643 1047 1708 sed
1072 1647 1254 1732 Bavarum,
1278 1651 1350 1718 sne·

308 1798 311 1812 .
405 1767 478 1821 tum
504 1754 637 1820 antehac
664 1751 765 1818 variis
797 1753 856 1820 fibi
884 1756 1076 1836 consulendi
1102 1763 1254 1844 artibus,
1286 1769 1347 1836 hac

396 1869 576 1940 oblatione
597 1885 646 1954 xeo
682 1885 789 1950 usque
812 1869 893 1951 uti,
940 1870 1033 1936 dum*
1054 1889 1184 1958 tempus
1219 1877 1278 1945 sibi
1313 1897 1347 1950 et

326 2063 329 2072 γ
403 1981 530 2050 ,0κήτί
548 1983 711 2048 lucretur.
755 1981 850 2047 Vidit
869 1985 1069 2054 artificiosus
1088 2004 1276 2073 temporum
1294 2015 1343 2073 tt«,-

405 2115 544 2178 tumque
560 2111 715 2178 exactor,
727 2097 802 2162 iam
815 2112 906 2183 tum,
925 2123 999 2168 cum
1016 2103 1050 2168 in
1070 2105 1257 2176 liohemiam
1276 2132 1348 2179 mo·

401 2225 493 2278 -veret
517 2210 859 2294 D.T0tstens0nius,·
877 2218 987 2282 omnia
1008 2237 1150 2303 pugnam
1175 2241 1344 2304 cruentam

403 2325 570 2411 spectare,
605 2324 745 2406 ideoque
779 2326 940 2411 integris,
983 2329 1036 2394 sed
1068 2347 1173 2413 tamen
1205 2311 1343 2424 dubiis,

402 2441 523 2520 rebus,
556 2437 716 2504 mittendo
745 2437 897 2506 Iesuitam
922 2443 1016 2509 illum
1049 2447 1084 2512 in
1113 2449 1262 2532 Gallias,
1295 2454 1341 2522 ita

401 2555 432 2622 ie
454 2526 672 2637 imposuit,-
690 2569 728 2620 ut
752 2573 953 2639 quocunque
978 2558 1121 2634 victoria
1140 2564 1336 2652 inclinaret,

399 2670 479 2736 istic
505 2669 636 2742 haberet
659 2669 824 2750 aliquem,
858 2673 916 2752 qui
942 2691 1004 2754 pro
1035 2694 1079 2752 re·
1099 2681 1199 2757 natti,
1225 2697 1335 2761 partes

398 2782 473 2850 suas
492 2796 613 2866 ageret.
658 2781 841 2864 Postquam
861 2804 940 2850 vero
958 2789 1112 2867 proelium
1133 2793 1336 2879 improspere

398 2895 494 2962 cesfit
519 2894 737 2975 Caesarianis,
769 2912 802 2974 tt
826 2900 932 2981 copiae
953 2900 1120 2968 Banaricae
1142 2906 1175 2970 in
1202 2929 1241 2974 eo
1268 2931 1334 2980 non

339 3012 343 3016 ’
397 3029 514 3094 parum
537 3009 722 3078 detrimenti
750 3011 934 3094 cepissent,
959 3015 1128 3082 verisimile
1155 3036 1227 3106 est,
1256 3045 1335 3107 pro.-

393 3123 614 3207 posrtionem,
640 3124 1074 3222 tempnti1aptatam,hn0n
1103 3135 1162 3200 niii
1194 3143 1335 3222 tempori

393 3237 738 3306 trahendo-serviisse.
778 3240 858 3319 [Vin
885 3243 969 3308 enim
996 3264 1045 3310 est
1072 3261 1108 3310 ut
1138 3251 1331 3336 credamus,

359 3342 361 3346 ’
391 3353 577 3430 Bavarum,
603 3351 682 3431 qui,
707 3351 730 3416 fi
757 3371 824 3420 non
855 3359 1059 3438 concitavit,
1084 3365 1263 3432 multotum
1282 3382 1332 3438 ta-

391 3483 466 3530 men
487 3441 648 3547 'npinione
672 3465 796 3530 dicitur
816 3465 940 3534 fovisse
967 3470 1137 3541 funestum
1159 3481 1223 3546 hoc
1245 3484 1332 3550 Ger.

389 3577 516 3645 maniae'
537 3580 681 3661 bellum,
717 3601 828 3661 nunc,
861 3598 941 3667 post
978 3594 1084 3673 magni
1105 3595 1330 3666 emolumenti

388 3706 546 3776 gustum,
580 3697 843 3780 cumugenuiuus
879 3698 950 3764 eius
982 3701 1114 3770 fructus
1154 3708 1327 3796 speratur,

388 3822 476 3873 arma
507 3806 752 3888 depositurum:
798 3824 830 3874 et
865 3811 887 3877 fi
926 3816 977 3878 vel
1006 3820 1141 3884 maxime
1175 3824 1240 3888 noc
1266 3827 1327 3892 tint

387 3917 483 3984 cordi
505 3919 572 3996 esse
593 3922 666 3990 aliis
687 3923 877 4008 persuadere
896 3929 1017 4015 vellet,
1043 3954 1110 4016 quo
1135 3937 1323 4020 colinturus

1264 4051 1325 4116 erit
