3014 5098
436 449 481 516 o,
572 429 1235 560 rrooorersorrortr

437 615 648 702 Anguianum
673 605 754 679 inde
773 629 913 679 maneret
933 615 1059 700 gloria,
1084 617 1106 684 fi
1127 632 1183 683 out
1207 628 1272 685 tom
1290 620 1384 689 beno

375 771 377 781 ·
434 733 607 798 inchoatas
635 749 653 794 a
677 729 707 792 se
731 746 782 792 res
806 726 946 792 feliciter
968 732 1185 812 proveheret,
1210 748 1265 798 out
1285 737 1379 802 Ger*

432 861 551 912 manos
588 862 645 928 per
680 841 710 906 se
743 860 854 924 pacem
896 841 1108 936 desederantes
1144 845 1197 908 sed
1237 847 1375 932 ingenio

386 957 392 970 '
434 960 549 1026 tardos
571 955 612 1022 ad
631 972 742 1037 pacem
761 955 953 1035 impelleret.
999 954 1174 1037 Promistt‚
1199 961 1230 1024 so
1252 961 1285 1025 in
1303 963 1370 1028 hac

433 1091 468 1137 re
494 1069 683 1148 facturum,
708 1089 780 1151 quae
804 1068 940 1150 posset,
965 1073 1036 1134 turn
1057 1070 1173 1136 Galli‘ae
1198 1088 1268 1140 turn
1289 1076 1375 1140 Sue·

434 1185 517 1265 diae,
540 1198 611 1249 turn
632 1177 694 1247 filii
720 1177 771 1250 sui
796 1163 902 1250 eausa.
948 1183 1132 1250 Germanus
1158 1188 1250 1250 miles
1279 1189 1373 1270 apud

435 1302 695 1386 Argentoratum
721 1296 785 1380 legi
819 1291 959 1380 in'c'ipit:
1007 1319 1071 1381 qua
1102 1299 1135 1362 in
1163 1301 1241 1363 urbe
1269 1299 1374 1365 Stella

432 1407 574 1479 multum
604 1403 800 1494 praedicavit
829 1410 986 1474 lineorum
1016 1410 1133 1475 Galliae
1167 1409 1306 1478 studium
1332 1413 1373 1478 in

432 1524 630 1594 restituenda
645 1523 827 1590 Germaniae
845 1523 1015 1603 libertato,
1042 1523 1133 1604 qtlod
1156 1543 1258 1589 unum
1282 1545 1370 1607 prae·

435 1639 536 1726 mium
560 1654 614 1705 tot
641 1638 791 1728 labor-um
817 1635 1095 1720 impertsarunrque
1121 1638 1159 1702 ab
1182 1657 1218 1702 eo
1245 1635 1371 1720 specta-

434 1737 478 1821 r'i.
523 1749 591 1819 Ibit
614 1743 893 1832 Francofurtum,
923 1749 1075 1816 dicturus
1101 1747 1236 1832 similia,
1267 1767 1300 1817 et
1327 1749 1370 1818 ad

434 1843 517 1937 oliae
544 1868 663 1946 urbes,
687 1864 745 1930 ubi
766 1859 796 1930 se
815 1879 889 1930 tuto
905 1861 1058 1956 tutorem
1073 1867 1217 1948 putabit.
1265 1855 1367 1934 Freir-

434 1965 633 2050 colurtenfis
657 1949 843 2048 ooirventus
871 1980 1017 2046 nondum
1037 1980 1200 2047 discesfit.
1244 1979 1367 2049 Literae

409 2073 521 2167 ἐϋ.
542 2095 701 2163 Serviano
732 2091 811 2160 illuc
837 2093 939 2159 missae
971 2095 1063 2161 lectae
1097 2113 1164 2161 non
1197 2092 1293 2178 sunt,
1315 2097 1368 2162 sed

433 2212 614 2281 mittuntur
645 2208 686 2272 ad
719 2208 930 2289 Imperatoris
966 2213 1093 2291 aulam,
1127 2220 1165 2276 ut
1190 2211 1219 2275 is
1248 2213 1367 2294 praeiu·

410 2321 537 2408 'dicetp
582 2316 705 2408 Magna
726 2316 766 2386 ad
790 2319 914 2387 omnem
940 2317 1041 2406 ripam
1063 2321 1208 2392 Danubii
1230 2342 1281 2393 est
1302 2342 1367 2424 tre·

438 2441 566 2529 pidatio
589 2439 631 2505 ob
651 2451 845 2514 nostrorum¹
864 2455 1045 2520 prosperos
1068 2439 1250 2508 successus.
1286 2443 1366 2508 Cre·

433 2560 526 2625 ditur
556 2567 664 2622 autem
690 2543 1233 2638 Dormstadiensrs'Lapdgravius,
1268 2575 1364 2638 quam

432 2671 557 2768 poterit
579 2669 656 2748 diu,
682 2665 863 2730 obstiturus
893 2665 1037 2732 libertati
1066 2667 1267 2754 Landgravii
1293 2669 1365 2738 Fri·

434 2771 558 2861 clerici,
589 2794 628 2844 ut
657 2797 693 2844 ea
722 2780 847 2844 ratione
879 2778 1010 2844 facilius
1042 2797 1081 2845 ex
1112 2783 1168 2850 sua
1194 2783 1247 2869 spe
1273 2786 1366 2853 finiet

433 2892 673 2963 controversras
696 2893 969 2978 Marpurgenses‚
996 2895 1126 2976 quando
1153 2898 1181 2962 is
1204 2899 1363 2984 Princeps

432 3013 468 3079 in
490 3010 589 3075 domo
610 3007 787 3074 casselensi
809 3007 898 3072 solus
920 3023 996 3088 est,
1021 2993 1078 3093 qui
1100 3012 1152 3076 ios
1176 3011 1268 3080 suum
1294 3033 1363 3082 nort

431 3124 611 3192 abdicavit.
658 3121 818 3187 Mereiaci
840 3122 945 3204 copiae
962 3123 1002 3188 od
1020 3124 1227 3192 Harbrunam
1247 3143 1360 3210 erant,
1394 3197 1396 3204 ,

431 3251 551 3322 praeter
571 3250 695 3320 partem
715 3255 782 3301 non
803 3256 968 3322 magnam,
993 3257 1086 3318 quam
1115 3239 1172 3305 sub
1195 3242 1361 3324 Sporclrio

428 3354 472 3420 ad
494 3350 707 3422 Hazfeldium
727 3350 867 3415 miserat.
914 3352 1132 3416 Morescallus
1156 3354 1298 3421 Turenae
1319 3355 1361 3424 ad

336 3493 340 3503 ·
427 3464 678 3552 Mogontiacum
702 3463 811 3528 rediit.
858 3461 925 3548 Qui
949 3464 1192 3553 Plrilippiburgi
1215 3471 1250 3534 in
1276 3489 1361 3553 prae·

428 3579 509 3648 srdio
536 3577 633 3657 sunt,
671 3574 718 3640 ibi
751 3576 985 3659 eontinentur,
1027 3598 1085 3644 nec
1120 3583 1279 3655 excursus,
1310 3583 1358 3650 fa-

431 3694 548 3775 ciunt,
570 3709 705 3774 nempe,
729 3708 769 3754 ne
796 3691 954 3757 exercitui
979 3708 1097 3759 caetero
1121 3695 1269 3762 auferant
1298 3699 1357 3762 ali·

427 3821 548 3874 mento.
614 3803 797 3881 Constituit
820 3805 1094 3890 Mogontiacensrs
1118 3811 1281 3892 Elector,
1306 3831 1356 3876 re·

425 3919 584 4009 spondere
612 3918 655 3987 ad
681 3919 817 4006 literas,
845 3937 906 4010 per
938 3939 1019 4006 quas
1053 3923 1093 3990 ad
1118 3926 1278 4009 colloquii
1305 3927 1356 3990 lo-

1280 4057 1356 4106 cunr
