3030 5102
295 515 298 523 .
339 437 634 520 arts'rona
679 441 954 517 rreuorrrn.⁴
1055 459 1149 529 aa.

182 621 323 690 bonfilio
347 621 438 706 regio
469 617 625 702 reperisse
653 617 683 683 se
712 618 838 684 animos
869 617 947 684 satis
978 616 1018 683 ab
1052 618 1117 682 hae

180 738 356 824 largitione
382 734 530 813 alienos3
557 731 586 796 se
617 743 722 798 tamen
750 733 811 796 mei
835 732 930 798 caula
951 731 1117 802 facturum
1163 771 1167 778 -
1221 790 1224 794 .

183 851 276 938 quod
294 846 421 942 posset.
491 845 667 912 Iltiennitrs
692 845 721 912 se
748 847 895 912 adiutare
924 849 1028 926 velle,
1063 846 1117 912 sed

180 983 277 1028 orare
300 977 338 1030 ut
356 978 417 1044 ego
443 979 577 1042 quoque
601 960 630 1024 ei
652 961 787 1026 adiutor
808 960 921 1026 essem.
968 961 1119 1027 Ilaliolua

183 1077 215 1144 se
241 1091 280 1144 ut
311 1074 485 1142 custodem
515 1073 620 1139 aerarii
652 1074 707 1156 (id
739 1087 790 1138 est
817 1075 989 1140 draconem
1023 1075 1116 1140 illum

181 1191 360 1256 servantem
385 1207 480 1254 altrea
504 1190 606 1268 mala)
636 1185 837 1270 parlimouiae
867 1187 934 1253 esse
965 1190 1116 1256 laudato-
1203 1235 1206 1240 Α

83 1352 90 1365 ,
180 1323 268 1370 rem:
314 1319 455 1369 attamen
480 1317 553 1382 quae
580 1319 599 1364 a
620 1319 667 1364 me
690 1301 858 1383 proposito
882 1317 973 1368 erant
996 1323 1031 1368 ea
1054 1301 1117 1367 uiti

180 1421 329 1497 ratione,
360 1431 392 1480 et
417 1415 463 1479 lta
486 1414 553 1477 esse
578 1428 811 1497 attemperata,
843 1431 881 1484 ut
905 1417 1115 1482 laboraturus

179 1533 287 1612 esset,
311 1546 350 1594 ne
371 1527 489 1596 frustra
511 1547 568 1610 per
593 1547 640 1592 me
663 1528 721 1612 ipsi
749 1530 1009 1596 commendatum
1030 1530 1115 1594 esset

181 1649 247 1713 hoc
272 1646 454 1730 negotium.
502 1643 606 1723 Spero
638 1661 705 1707 non
736 1645 829 1710 irrita
857 1644 949 1724 fore,
979 1665 1051 1727 quae
1079 1645 1114 1710 iu

181 1761 243 1828 bac
266 1779 299 1824 re
323 1759 453 1843 egi,·et
476 1773 601 1838 porro,
625 1756 647 1824 sr
673 1777 758 1840 opus
778 1755 839 1839 stt,
866 1777 1001 1824 acturus
1029 1757 1111 1823 sutn.
1169 1764 1172 1770 ’

178 1874 294 1942 nuato
327 1888 433 1939 autem
463 1889 502 1935 ert
532 1871 668 1950 multis,
697 1873 737 1936 ab
769 1873 920 1954 lliapauo
944 1870 1115 1938 desrtlerari

154 1987 355 2076 inducias,
386 1984 440 2049 sed
462 1985 657 2068 perbreves,
689 1985 721 2049 in
747 1985 831 2067 spem
853 1983 940 2050 forte
965 1999 1116 2050 motuum
1181 2059 1185 2066 ι

180 2101 215 2168 ln
231 2101 367 2180 Gallia,
401 2091 457 2164 aut
481 2085 709 2163 distractionis
734 2097 900 2163 sociorum
930 2117 948 2161 a
978 2097 1112 2163 Galliae

180 2233 323 2299 quorum
348 2228 515 2294 utrunque
532 2211 622 2277 Deus
645 2192 784 2278 avertat.
833 2211 1114 2292 Servianus,qui
1161 2235 1188 2253 ·⁴

178 2331 314 2396 antebac
341 2327 543 2392 Secretariua
567 2324 632 2392 fuit
653 2325 757 2392 status
783 2325 822 2392 ad
848 2341 899 2391 res
928 2327 1026 2405 belli,
1060 2324 1135 2389 sed=

70 2516 74 2526 1
178 2461 237 2525 per
255 2442 461 2508 Cardinalem
482 2453 706 2520 remotus,.et
729 2459 816 2506 nunc
841 2441 997 2524 legationi
1020 2438 1116 2507 delli·

177 2569 277 2620 natus
304 2556 432 2636 Italiae,
472 2555 698 2621 Marcblonem
725 2553 905 2620 orestem
938 2553 1040 2631 adiit,
1077 2567 1115 2620 ut

177 2685 253 2734 euru
279 2683 483 2748 permoveret
516 2670 555 2733 ad
587 2667 804 2734 abdicandum
836 2666 893 2734 sub
924 2667 1114 2749 compensa-

178 2781 270 2847 tione
295 2783 438 2849 officlum
462 2781 729 2864 Admiralitatis,
761 2780 852 2864 quod
876 2799 989 2868 nempe
1007 2779 1118 2865 Regi·

177 2913 219 2961 ua
248 2895 376 2980 Regens
403 2897 478 2961 dare
505 2898 638 2964 volebat
665 2897 755 2964 Duci
784 2883 1046 2976 Vendocinensr,
1079 2909 1121 2963 ut·
1211 2887 1213 2894 ’

179 3027 263 3076 cum·
280 3009 380 3091 ipsrus
405 3012 493 3075 bona
513 3013 686 3082 voluntate
715 3013 878 3105 obtineret
905 3009 965 3076 fibi
990 3010 1117 3095 Regina

178 3121 357 3191 Britanniae
367 3125 548 3189 Armoricae
572 3125 825 3207 praefecturam,
849 3145 922 3207 quae
945 3122 1010 3190 stne
1031 3124 1118 3209 peri*

178 3239 256 3306 culo
294 3238 385 3305 reddi
417 3259 483 3304 non
519 3243 632 3322 posset
663 3236 927 3320 Vendocinensr,
958 3238 1020 3322 qui
1048 3257 1117 3304 eam

180 3353 259 3418 olim
289 3353 425 3434 habuit,
456 3355 548 3438 quod
579 3367 612 3418 et
637 3352 690 3419 ius
725 3349 784 3420 srbi
818 3351 851 3417 in
881 3371 948 3417 earn
978 3351 1116 3438 aliquod
1175 3384 1180 3391 ·

178 3464 351 3564 assereret,
380 3483 413 3532 et
438 3469 562 3554 magnis
588 3467 633 3534 ibi
657 3467 875 3534 affinitatibus
900 3467 1116 3551 possesfiooi-

178 3579 310 3662 busque
340 3581 423 3646 esset
457 3555 630 3650 subnixua.
710 3583 825 3667 Legati
865 3583 905 3648 ad
941 3601 1051 3668 pacem
1082 3593 1114 3646 et

181 3709 407 3774 cunctantur,
430 3711 463 3762 et
483 3693 570 3762 forte
592 3693 697 3763 adhuc
720 3697 988 3776 cunctabuntur,
1011 3695 1054 3760 ob
1080 3715 1117 3761 ea

180 3827 252 3890 quae
277 3824 420 3894 aguntur
445 3827 524 3894 post
554 3804 720 3894 siparium.
768 3807 981 3877 Guebrianus
1005 3807 1044 3874 ad
1072 3809 1120 3880 Il«,
1156 3869 1159 3875 ,

179 3923 283 3989 latum
311 3940 434 3992 amnem
461 3920 528 3992 esse
555 3925 733 3994 scribitur:
788 3923 831 3993 ad
861 3923 1006 3994 Licbum
1035 3925 1116 3990 Dux

1052 4038 1118 4105 Ce-
1223 4099 1227 4107 .
