3030 5102
293 403 934 540 potsaoum‘tuno'rnrn.
1052 445 1096 518 a,

166 603 298 690 incipit.
344 603 418 670 Rex
445 621 539 684 ⁴puer
567 599 648 666 bene
687 601 809 682 vaiet,
832 613 865 666 et
896 597 951 664 san
968 599 1094 670 voitu

165 733 328 805 gestuque
345 733 495 802 magnum
516 713 638 800 Regem
657 701 839 799 promittit.
874 713 1099 785 Francorum

164 849 203 899 ut
227 847 352 900 maneat
373 833 403 897 is'
427 831 487 914 qui
510 843 562 895 eat
580 843 789 910 conventus,
815 829 967 894 laborant
987 831 1097 900 Caesa·

77 921 85 938 ⁹
167 949 274 1027 riam,
300 946 485 1014 attributa
512 942 634 1010 maiora
661 942 824 1029 flagitant.
871 944 1100 1012 Caetcrum'ct

166 1061 321 1126 civitates
344 1074 379 1126 et
397 1060 567 1144 principes
584 1057 739 1124 nonnulli
755 1056 907 1139 censent,
931 1077 999 1124 non
1027 1079 1102 1144 per·

165 1174 360 1242 mittendum
378 1172 574 1257 Imperatori
596 1185 706 1238 totum
723 1169 815 1255 pacis
834 1173 1023 1258 negotium,
1046 1174 1100 1243 sed

165 1289 244 1355 suos
278 1307 414 1373 quoque
451 1283 729 1372 legatos-debere
765 1277 876 1354 uenire
907 1287 941 1350 in
975 1303 1098 1369 pattena

165 1403 238 1469 eius
263 1422 365 1468 curae.
441 1400 734 1486 Coningsmarckii
763 1417 814 1464 rea
841 1398 994 1465 audimus
1020 1403 1100 1468 benc

165 1517 362 1602 procederet
391 1515 537 1580 Mottam
563 1511 820 1595 Odincurtiurn,
843 1527 941 1595 capta
970 1517 1101 1584 Mniazn

165 1631 293 1717 ingredi
325 1629 359 1694 in
385 1629 570 1695 Valentiam
601 1643 635 1694 et
670 1629 778 1695 denuo
808 1617 901 1700 550
934 1630 1100 1698 Francicae

165 1746 314 1832 pecuniae
340 1744 441 1810 millia
462 1744 502 1809 ad
525 1761 598 1809 cum
620 1743 726 1810 mitti:
752 1757 819 1811 tres
843 1761 951 1813 autem
968 1746 1101 1811 millio·

166 1879 224 1926 nes
248 1861 281 1926 in
308 1860 448 1926 Italiam.
518 1858 660 1940 Veneti,
682 1859 869 1940 Ethrusci,
892 1858 1100 1940 Parmenses‚

166 1974 373 2043 Mutinenscs
391 1973 445 2040 hic
461 1972 564 2038 causae
579 1967 643 2039 suae
661 1987 778 2038 contra
793 1973 992 2038 Barbariana
1006 1975 1100 2058 justa
1124 1976 1127 1984 ’

164 2089 401 2154 demonstrant:
439 2086 598 2153 dicuntur
615 2100 720 2169 autem
741 2088 779 2158 de
795 2086 975 2155 Pontificio
993 2087 1098 2156 milite
1150 2162 1155 2169 ‚

167 2202 282 2270 multis
301 2201 339 2272 in
360 2177 715 2286 pugnationibus'caesr
738 2200 835 2266 ferme
862 2201 961 2267 mille.
1009 2202 1100 2266 Inter

167 2313 293 2381 diuersa
314 2313 449 2380 consilia
473 2315 512 2380 ad
536 2307 715 2382 faciendam
732 2315 927 2400 pecuniam,
952 2336 1016 2399 qua
1032 2317 1100 2380 bei·

165 2429 235 2494 lunt
256 2430 384 2508 alatur,
409 2448 483 2494 cum
505 2431 635 2510 plebem
653 2431 753 2496 novis
777 2430 933 2494 oneribus
958 2447 1100 2513 premere

164 2543 318 2610 videatur
342 2541 585 2624 periculosum,
627 2544 705 2627 quia
731 2559 764 2608 et
791 2542 958 2608 Tolosatae
992 2545 1102 2611 Paria·

164 2671 311 2722 mentum
346 2655 492 2735 quaedam
520 2656 607 2740 exigi
635 2660 768 2736 vetuit,
802 2673 835 2721 et
865 2657 898 2722 in
921 2656 1100 2750 Pictonum

164 2766 246 2855 agro
269 2768 317 2833 ein
342 2767 382 2832 de
398 2767 501 2834 caufis
520 2783 632 2835 motus
653 2773 718 2836 orti
740 2771 837 2850 sunt,
869 2772 1099 2854 proponitur,

165 2899 205 2950 ut
226 2883 475 2964 aPublicanis,
495 2884 636 2967 quirem
656 2887 826 2966 fecerunt,
851 2888 959 2952 mutui
976 2885 1104 2950 suman·

161 3009 219 3062 tut
244 2997 408 3060 miiliones
430 2997 617 3065 duodecim.
674 2999 897 3066 Viiiaeirancae
925 2997 1041 3081 oppidi
1066 2997 1101 3065 iu

164 3107 335 3192 Rouargis
360 3109 498 3174 disiecta
523 3111 598 3175 sunt
621 3097 738 3180 moenia
759 3115 792 3178 in
814 3127 942 3194 poenam
969 3110 1101 3176 seditio·

164 3222 235 3288 nis.
284 3220 451 3288 Tolosatae
479 3223 653 3290 Senatores
679 3229 743 3314 ¹huc
771 3227 897 3292 vocati.
943 3225 1023 3290 Dux
1048 3221 1103 3287 In-

163 3336 369 3422 golismensts
391 3338 430 3403 ad
450 3337 599 3404 Grusram
613 3335 745 3405 ¹fluibus'
767 3340 945 3424 praefidet.'
974 3339 1103 3434 tibur·

119 3463 120 3468 ’
162 3451 263 3516 bibus
297 3451 495 3534 quibusdam
530 3473 602 3536 quae
633 3453 767 3520 eximias
797 3435 892 3537 supra
924 3454 1010 3519 alios
1043 3451 1102 3514 im·

164 3566 343 3658 muni-tates
369 3569 511 3646 habent,
539 3566 578 3630 ad
600 3587 708 3632 earum
735 3568 1018 3634 confirmationem
1042 3563 1102 3628 ob·
1133 3581 1136 3586 '

122 3749 128 3758 ,
164 3678 329 3756 tinendarn
362 3679 502 3745 ducenta
537 3679 639 3746 millia
674 3679 879 3748 scutatorum
904 3680 1102 3772 exiguntur.

163 3791 338 3858 Vitriacus
373 3793 593 3885 nidre'scaliua
629 3795 765 3878 triginta
796 3794 1016 3860 centuriarum
1047 3810 1105 3856 co·

164 3904 293 3974 hortem
320 3905 456 3991 scribit,
485 3929 563 3994 ‚quac
595 3927 614 3974 a
643 3909 769 3994 Regina
804 3905 921 3982 nonen
957 3905 1103 3990 habebit,

114 4107 120 4125 .
166 4073 195 4102 ,.
599 4021 675 4108 Μ
853 4107 858 4114 ¹
1001 4016 1106 4090 ‚Tri-
