3014 5098
311 368 630 440 ,EPISTOLAE
675 371 952 450 INEDITAE.
1028 461 1031 468 Δ
1070 389 1111 465 53

213 543 368 620 Conveni
397 556 430 608 et
460 543 624 610 Comitem
645 535 866 626 Bryennium,
899 558 931 609 et
960 542 1028 609 dixi
1054 563 1104 611 ea-

166 657 237 721 dem
264 680 336 742 quae
359 655 508 738 Principi
529 656 698 724 Condaeo:
728 655 859 737 addidi,
877 675 944 722 non
968 659 1102 724 alienam

163 769 234 834 fore
253 771 412 856 Reginam
438 747 611 842 Suediaea
637 789 738 852 pace,
772 769 850 835 dum
878 769 1044 854 securitasu
1066 786 1099 836 et

162 881 270 949 federa
300 858 435 966 antiqua
463 883 613 948 constent
641 903 763 968 reguo,
794 897 825 948 et
851 881 962 950 Gallis
992 885 1098 968 gentl-

158 993 290 1080 busque
325 995 399 1064 aliie
431 995 488 1062 sua
523 998 738 1077 commercia,
785 997 992 1078 multumque
1027 1017 1096 1064 eam

158 1107 358 1201 tributuram
382 1109 518 1196 Reginae
541 1110 700 1196 Regentis
723 1107 882 1176 consiliis.
930 1111 1017 1176 Cum
1044 1111 1095 1176 di'·

159 1235 269 1303 ceret,
293 1222 437 1290 doluisse
455 1223 533 1288 huic
548 1223 652 1304 aulae,
677 1225 769 1308 quod
787 1224 826 1288 de
845 1221 990 1288 confilils
1013 1226 1094 1290 Sue·

154 1333 241 1402 dicis
267 1351 385 1404 eontra
411 1337 542 1404 Danum
566 1333 633 1428 non
657 1335 774 1402 fuisset
797 1329 933 1414 edocta,
957 1327 1102 1422 melpum

154 1446 212 1528 di,
237 1447 456 1516 necessitatem
482 1451 562 1517 belli
590 1449 735 1532 undique
759 1469 827 1516 nou
853 1449 1030 1534 permisisse
1057 1451 1093 1516 id

153 1578 268 1627 morae.
315 1563 402 1630 Cum
420 1562 453 1629 iti
473 1565 537 1628 late
556 1561 775 1645 exposuissem
788 1565 1089 1660 ‚dixit‚Reginam
1137 1614 1139 1623 .

99 1729 104 1739 .
153 1674 330 1761 Regentem
361 1669 421 1742 nie
451 1677 486 1743 in
519 1697 552 1745 te
576 1679 798 1746 laboraturaut
827 1679 870 1746 ad
893 1698 1012 1764 pacem
1039 1693 1091 1745 ta·

151 1791 235 1871 lem,
267 1791 405 1872 qualem'
428 1791 547 1858 Suedia
578 1788 755 1882 defidetate
788 1791 925 1874 posset,
965 1789 1086 1876 suaque

150 1903 286 1972 consilia
309 1927 383 1972 cum
408 1905 561 1972 Suedicis
589 1905 858 1970 coniuncturam.
932 1905 1087 1972 Laudnvi

148 2016 237 2097 hoc,
262 2017 458 2100 ostendique
484 2017 520 2082 id
547 2019 723 2086 eonvenite
745 2019 913 2098 federibus
939 2032 971 2082 et
992 2019 1084 2084 utill-

60 2150 62 2154 ·
149 2129 210 2206 tati
227 2130 384 2212 publicae.
426 2131 628 2214 Nam‚s1iti
644 2136 817 2202 maximum
839 2146 872 2197 et
889 2133 967 2198 belli
984 2150 1082 2217 pros·

147 2244 218 2324 peri
249 2260 281 2309 et
308 2247 572 2331 paciehonestae
596 2248 860 2330 impedimentum
890 2245 1080 2327 auferatur,
1153 2249 1158 2264 ‘

146 2359 271 2451 multok
288 2378 351 2424 nos
374 2359 518 2426 'facilius
550 2361 585 2425 id
620 2361 884 2441 consecuturos,
922 2378 989 2442 quo
1015 2377 1079 2426 nos

144 2471 271 2538 ducunt
292 2473 412 2538 federa.
466 2476 551 2541 Cum
573 2449 616 2538 in¹
633 2473 775 2538 sermone
798 2484 972 2557 protracto
1000 2489 1080 2554 que·
1105 2539 1106 2542 ,

145 2577 271 2650 tenetur
296 2587 447 2650 nonnihil
471 2586 510 2650 de
535 2587 820 2667 disputationibus
845 2589 932 2650 inter
945 2585 1076 2668 legatos
1108 2589 1110 2593 '

145 2698 261 2780 quiin
291 2700 464 2766 Germania
487 2691 568 2766 ¹lunt
596 2698 728 2764 Suedici
755 2699 967 2782 Franciaeque
989 2695 1082 2782 Reg-¹

142 2813 199 2891 ni,
231 2827 263 2876 et
295 2815 431 2878 multum
460 2813 524 2880 hoc
560 2829 692 2895 regnum
726 2811 894 2894 praeferret
919 2812 1074 2892 caeteris,

142 2923 232 3004 elixi,
259 2927 350 3009 quod
376 2926 482 2992 dicere
508 2925 626 3007 debui3
653 2925 760 3010 Reges
777 2927 846 2992 iure
866 2926 994 3007 imperii
1015 2945 1082 3011 paq

141 3053 192 3099 tes
208 3039 296 3118 esse,
321 3039 470 3124 Regnum
490 3037 666 3105 Suedicum
686 3039 900 3104 historiarum
921 3039 1074 3127 testimo·
1180 3065 1182 3069 ·

140 3151 196 3214 nio
222 3167 296 3216 ante
321 3152 373 3218 bis
397 3150 483 3216 mille
510 3167 636 3216 annos:
681 3165 714 3214 et
745 3170 820 3216 cum
848 3163 980 3231 putatet
1003 3150 1073 3216 exi·

138 3283 236 3345 guum
270 3263 338 3330 ease
376 3284 535 3352 regnum,
568 3263 659 3344 dixi,
696 3278 804 3346 patere
840 3262 874 3326 id
907 3262 942 3328 in
972 3246 1075 3328 X'VTI
1151 3253 1152 3258 ’

137 3375 487 3462 grndueElevatinnis
511 3379 608 3458 Poll,
634 3379 667 3442 in
692 3375 804 3442 XXIII
833 3375 872 3444 ab
899 3375 1071 3456 aequinnc-
1107 3377 1110 3382 “

138 3490 207 3556 tiali
234 3489 525 3580 circulolductom
551 3490 641 3576 quod
660 3489 852 3556 mirabatur.
917 3487 1070 3554 Intellexi
1136 3561 1137 3564 Ἴ

136 3623 174 3668 ex
196 3603 293 3689 ipso,
315 3603 360 3670 D.
381 3605 598 3672 Certsantium
613 3624 671 3688 per
686 3604 809 3668 amicos
831 3599 933 3684 multa
950 3617 1069 3668 contra

135 3735 181 3779 me
207 3715 396 3787 machinati.
442 3715 582 3788 Solab'or
606 3738 655 3784 me
683 3714 883 3786 couscientia
904 3714 986 3782 facti
1015 3711 1067 3778 osi

138 3828 215 3896 ficti.
443 3827 447 3848 ¹

556 3917 694 4028 ua'
