3030 5102
328 409 632 482 notsronm
675 409 950 486 tueorrm.
1059 433 1098 498 51

161 579 240 669 quae'
258 582 433 650 defutura
460 582 651 666 despectui,
670 580 844 663 respondi,
863 599 943 661 eos,
966 561 1025 665 qui
1040 583 1097 650 diu

157 699 534 788 excommunicationem
555 708 819 792 contemnerent,
843 695 939 777 posse
963 718 982 762 n
1006 698 1095 782 Rege

157 816 328 904 coerceri,
353 811 514 897 praecluso
537 812 577 877 ad
598 813 743 876 bonores
771 827 808 874 ac
833 811 955 880 iudicia
975 813 1093 894 aditu,

156 931 331 1014 modisque,
347 917 448 1006 aliis,
474 945 616 1015 quorum
634 921 815 990 adferebam
834 927 990 1008 exempla.
1012 943 1014 948 ·
1039 927 1094 992 tld
1168 939 1174 947 ·

132 1043 292 1108 talterum
318 1043 409 1124 quod
428 1042 595 1118 dixeram,
620 1040 700 1104 utile
718 1038 811 1118 sore,
837 1040 971 1108 tetiam
989 1043 1023 1106 in
1048 1041 1092 1106 se·
1185 1099 1188 1110 .

154 1157 255 1220 eretis
283 1157 479 1222 criminibus
506 1153 674 1219 absolutio
700 1152 887 1220 differretur
916 1169 1024 1238 nsque
1051 1154 1092 1220 ad

152 1269 288 1351 impleta
305 1269 515 1352 poenitentiae
534 1283 702 1348 tempora,
719 1269 866 1349 obiecit,
884 1270 992 1336 medio
1011 1285 1091 1332 tem·—
1118 1309 1121 1314 -

151 1401 270 1465 porea
294 1399 399 1448 morte
424 1381 520 1464 posse
547 1383 687 1461 aliquem
708 1383 875 1466 intercipi.
923 1381 1093 1466 Respondi

151 1501 183 1561 ei
216 1497 260 1561 rel
285 1497 457 1578 provisum
480 1515 497 1560 a
524 1495 663 1576 synodo
688 1496 848 1576 Nicoma,
880 1515 951 1576 quae
974 1495 1090 1583 praeci-

151 1631 219 1693 pua
240 1629 355 1677 norma
380 1609 462 1675 esset
486 1609 704 1698 gubernandae
731 1608 908 1688 Ecclesiae,
940 1623 1000 1687 ut,
1033 1607 1090 1688 qui
1136 1665 1137 1670 ,

125 1707 127 1711 ’
151 1724 238 1788 intro
261 1731 405 1806 tempora
433 1724 642 1805 poenitentiae
670 1723 850 1804 periculose
868 1734 1090 1808 annotarent,

151 1839 338 1924 acciperent
369 1837 630 1915 absolutionem,
662 1835 715 1900 sed
740 1857 776 1902 ea
804 1839 895 1920 lege,
929 1853 988 1916 nt,
1018 1835 1043 1902 fi
1073 1854 1092 1900 a
1180 1839 1183 1846 '

149 1953 268 2016 morbo
293 1949 487 2032 evasissent,
525 1951 736 2032 poenitentia
771 1967 918 2032 tempora
951 1953 996 2014 lte
1033 1939 1092 2014 imss

48 2063 50 2072 '
148 2069 296 2149 pletent,
329 2067 417 2146 quast
450 2064 689 2132 absolutionem
722 2063 831 2144 adepti
862 2083 929 2126 non
966 2061 1085 2126 essent.

146 2173 236 2242 Cum
260 2193 291 2240 et
311 2179 377 2242 boc
396 2180 572 2262 probaret,
590 2178 704 2263 rogavi
724 2195 818 2255 eum,
841 2191 879 2242 ut
897 2179 931 2240 in
951 2176 1088 2260 negotio
1158 2203 1161 2208 ·
1222 2193 1225 2200 ¹

143 2291 189 2356 nd
213 2295 404 2376 purgandos
437 2313 544 2360 mores
573 2309 605 2358 et
634 2294 673 2358 ad
706 2280 902 2357 reddendum
930 2289 1086 2358 Ecclestae

139 2405 289 2470 nitorem
316 2421 487 2490 tantopere
511 2401 716 2490 pertinente,
748 2423 809 2486 pro
835 2420 871 2466 ea
907 2407 1089 2470 auctorita·
1158 2465 1162 2472 ,
1209 2437 1215 2450 ι

147 2533 200 2598 te,
225 2537 323 2599 quem
352 2517 411 2602 ipfi
441 2525 562 2586 natales
586 2535 618 2584 et
641 2521 754 2586 merita
779 2518 916 2594 darent,
941 2516 1088 2580 laborare

141 2634 260 2697 uellet.
308 2629 421 2713 Deus,
441 2634 658 2702 Illustrisstmi
675 2649 707 2703 et
727 2628 999 2700 Excellentissrmi
1016 2629 1087 2694 Do·

85 2809 87 2812 .
145 2747 249 2825 mini,
284 2743 499 2812 excellentiis
525 2745 657 2813 Vestris
686 2748 741 2812 tlet
771 2739 880 2812 omnii
899 2751 1085 2829 prospera.

145 2875 290 2956 Lutenae
313 2851 408 3004 gii}
430 2875 517 2958 tuno
537 2889 779 2952 cmmexnr.
882 2917 885 2922 ι
972 2911 973 2916 ¹

714 3029 803 3095 Exc.
833 3024 878 3090 V.

638 3137 772 3226 ¹semper
795 3137 1003 3218 serviturus,

732 3253 780 3319 H.
815 3252 1044 3320 Genetos.
1100 3252 1102 3256 ‘

193 3431 276 3519 Quae
300 3441 419 3519 praeter
441 3433 662 3522 suprascripta
684 3439 736 3506 bic
760 3441 793 3504 in
816 3441 940 3526 volgus
965 3443 1088 3505 iactan-

145 3561 203 3612 tur
237 3552 303 3614 baec
335 3551 431 3616 sunt:
475 3552 616 3620 M'ottnm
642 3553 880 3618 Odincurtium
914 3575 988 3619 cnm
1024 3548 1091 3639 ΧΙΙΙ

145 3663 287 3727 militum
315 3665 482 3748 millibus,
508 3668 691 3732 miliaribus
720 3667 911 3751 Hispa-uicis
942 3642 1090 3747 quattuor¹
1182 3699 1183 3703 =

146 3775 304 3844 aLetidn
328 3775 471 3858 abesse,
492 3798 529 3847 ut
556 3782 669 3847 liberet
696 3798 764 3846 eam
786 3781 898 3846 urbem
927 3775 1088 3844 obsessam
1167 3813 1168 3818 κ

146 3909 165 3958 u
197 3893 295 3959 vicies
320 3911 353 3962 et
380 3895 535 3966 termille
563 3896 750 3982 militibus,
781 3891 939 3968 desertione
958 3911 1042 3962 ‘vero
1059 3907 1087 3954 -a

497 4024 498 4028 ’
583 4011 660 4076 Da
699 4069 702 4076 Δ
954 3993 958 4002 ’
1012 4001 1094 4072 Gal·
