<?xml version="1.0" encoding="UTF-8"?>
<!DOCTYPE html PUBLIC "-//W3C//DTD XHTML 1.0 Transitional//EN"
    "http://www.w3.org/TR/xhtml1/DTD/xhtml1-transitional.dtd">
<html xmlns="http://www.w3.org/1999/xhtml" xml:lang="en" lang="en">
 <head>
  <title>
</title>
<meta http-equiv="Content-Type" content="text/html;charset=utf-8" />
  <meta name='ocr-system' content='tesseract 3.04.00' />
  <meta name='ocr-capabilities' content='ocr_page ocr_carea ocr_par ocr_line ocrx_word'/>
</head>
<body>
  <div class='ocr_page' id='page_1' title='image "./hugonisgrotiiad01oxengoog_0041.png"; bbox 0 0 3030 5102; ppageno 0'>
   <div class='ocr_carea' id='block_1_1' title="bbox 399 357 1238 463">
    <p class='ocr_par' dir='ltr' id='par_1_1' title="bbox 399 357 1238 463">
     <span class='ocr_line' id='line_1_1' title="bbox 399 357 1238 463; baseline -0.002 -1"><span class='ocrx_word' id='word_1_1' title='bbox 399 411 441 462; x_wconf 62' lang='grc' dir='ltr'>ω</span> <span class='ocrx_word' id='word_1_2' title='bbox 539 357 1238 463; x_wconf 63' lang='lat' dir='ltr'>nuooursoltorrt&#39;</span> 
     </span>
    </p>
   </div>
   <div class='ocr_carea' id='block_1_2' title="bbox 842 585 888 657">
    <p class='ocr_par' dir='ltr' id='par_1_2' title="bbox 842 585 888 657">
     <span class='ocr_line' id='line_1_2' title="bbox 842 585 888 657; baseline 0.022 -1"><span class='ocrx_word' id='word_1_3' title='bbox 842 585 888 657; x_wconf 88' lang='lat' dir='ltr'>V.</span> 
     </span>
    </p>
   </div>
   <div class='ocr_carea' id='block_1_3' title="bbox 498 783 1321 864">
    <p class='ocr_par' dir='ltr' id='par_1_3' title="bbox 498 783 1321 864">
     <span class='ocr_line' id='line_1_3' title="bbox 498 783 1321 864; baseline -0.006 -4"><span class='ocrx_word' id='word_1_4' title='bbox 498 791 750 864; x_wconf 82' lang='lat' dir='ltr'>IOHANNI</span> <span class='ocrx_word' id='word_1_5' title='bbox 794 783 1231 859; x_wconf 78' lang='lat' dir='ltr'><strong>OXENSTIERNAE.</strong></span> <span class='ocrx_word' id='word_1_6' title='bbox 1318 801 1321 810; x_wconf 94' lang='grc'><strong>’</strong></span> 
     </span>
    </p>
   </div>
   <div class='ocr_carea' id='block_1_4' title="bbox 400 1018 1063 1098">
    <p class='ocr_par' dir='ltr' id='par_1_4' title="bbox 400 1018 1063 1098">
     <span class='ocr_line' id='line_1_4' title="bbox 400 1018 1063 1098; baseline -0.008 -9"><span class='ocrx_word' id='word_1_7' title='bbox 400 1021 403 1028; x_wconf 83' lang='grc'><strong>’</strong></span> <span class='ocrx_word' id='word_1_8' title='bbox 464 1091 466 1098; x_wconf 79' lang='grc'>,</span> <span class='ocrx_word' id='word_1_9' title='bbox 574 1021 863 1089; x_wconf 78' lang='lat' dir='ltr'>lubusrnrssrmn</span> <span class='ocrx_word' id='word_1_10' title='bbox 889 1018 1063 1088; x_wconf 81' lang='lat' dir='ltr'>Donruul</span> 
     </span>
    </p>
   </div>
   <div class='ocr_carea' id='block_1_5' title="bbox 378 1171 1405 4056">
    <p class='ocr_par' dir='ltr' id='par_1_5' title="bbox 427 1171 1338 1337">
     <span class='ocr_line' id='line_1_5' title="bbox 427 1171 1338 1337; baseline -0.018 -14"><span class='ocrx_word' id='word_1_11' title='bbox 427 1171 629 1337; x_wconf 34' lang='lat' dir='ltr'>,Regina</span> <span class='ocrx_word' id='word_1_12' title='bbox 658 1253 712 1318; x_wconf 85' lang='lat' dir='ltr'>hic</span> <span class='ocrx_word' id='word_1_13' title='bbox 746 1251 836 1316; x_wconf 88' lang='lat' dir='ltr'>valet</span> <span class='ocrx_word' id='word_1_14' title='bbox 873 1248 1091 1315; x_wconf 73' lang='lat' dir='ltr'>meliusculus</span> <span class='ocrx_word' id='word_1_15' title='bbox 1133 1263 1201 1311; x_wconf 90' lang='lat' dir='ltr'>nnn</span> <span class='ocrx_word' id='word_1_16' title='bbox 1233 1258 1338 1308; x_wconf 85' lang='lat' dir='ltr'>tamen</span> 
     </span>
    </p>

    <p class='ocr_par' dir='ltr' id='par_1_6' title="bbox 378 1355 1405 4056">
     <span class='ocr_line' id='line_1_6' title="bbox 408 1355 1340 1450; baseline -0.011 -18"><span class='ocrx_word' id='word_1_17' title='bbox 408 1368 502 1450; x_wconf 87' lang='lat' dir='ltr'>plane</span> <span class='ocrx_word' id='word_1_18' title='bbox 516 1365 556 1430; x_wconf 88' lang='lat' dir='ltr'>ub</span> <span class='ocrx_word' id='word_1_19' title='bbox 571 1355 731 1450; x_wconf 75' lang='lat' dir='ltr'>aurugine</span> <span class='ocrx_word' id='word_1_20' title='bbox 749 1365 898 1432; x_wconf 86' lang='lat' dir='ltr'>liberata.</span> <span class='ocrx_word' id='word_1_21' title='bbox 934 1360 1119 1432; x_wconf 82' lang='lat' dir='ltr'>Davausrus</span> <span class='ocrx_word' id='word_1_22' title='bbox 1141 1363 1179 1426; x_wconf 86' lang='lat' dir='ltr'>ab</span> <span class='ocrx_word' id='word_1_23' title='bbox 1195 1361 1271 1424; x_wconf 90' lang='lat' dir='ltr'>urbe</span> <span class='ocrx_word' id='word_1_24' title='bbox 1291 1357 1340 1422; x_wconf 90' lang='lat' dir='ltr'>di·</span> 
     </span>
     <span class='ocr_line' id='line_1_7' title="bbox 410 1473 1396 1570; baseline -0.007 -28"><span class='ocrx_word' id='word_1_25' title='bbox 410 1477 539 1564; x_wconf 69' lang='lat' dir='ltr'>gressus</span> <span class='ocrx_word' id='word_1_26' title='bbox 558 1499 645 1546; x_wconf 91' lang='lat' dir='ltr'>nunc</span> <span class='ocrx_word' id='word_1_27' title='bbox 663 1480 716 1546; x_wconf 91' lang='lat' dir='ltr'>hic</span> <span class='ocrx_word' id='word_1_28' title='bbox 739 1499 826 1544; x_wconf 91' lang='lat' dir='ltr'>nunc</span> <span class='ocrx_word' id='word_1_29' title='bbox 846 1479 916 1542; x_wconf 89' lang='lat' dir='ltr'>illic</span> <span class='ocrx_word' id='word_1_30' title='bbox 935 1479 1137 1544; x_wconf 76' lang='lat' dir='ltr'>nutricatur:</span> <span class='ocrx_word' id='word_1_31' title='bbox 1162 1491 1193 1538; x_wconf 89' lang='lat' dir='ltr'>er</span> <span class='ocrx_word' id='word_1_32' title='bbox 1213 1473 1341 1538; x_wconf 86' lang='lat' dir='ltr'>Servia-</span> <span class='ocrx_word' id='word_1_33' title='bbox 1379 1514 1396 1570; x_wconf 27' lang='lat'>.-</span> 
     </span>
     <span class='ocr_line' id='line_1_8' title="bbox 409 1590 1405 1674; baseline -0.009 -16"><span class='ocrx_word' id='word_1_34' title='bbox 409 1611 472 1658; x_wconf 86' lang='lat' dir='ltr'>nus</span> <span class='ocrx_word' id='word_1_35' title='bbox 499 1612 696 1674; x_wconf 88' lang='lat' dir='ltr'>quamquam</span> <span class='ocrx_word' id='word_1_36' title='bbox 728 1593 867 1659; x_wconf 88' lang='lat' dir='ltr'>etmihi</span> <span class='ocrx_word' id='word_1_37' title='bbox 901 1593 1058 1658; x_wconf 79' lang='lat' dir='ltr'>valedixit</span> <span class='ocrx_word' id='word_1_38' title='bbox 1090 1607 1125 1654; x_wconf 87' lang='lat' dir='ltr'>et</span> <span class='ocrx_word' id='word_1_39' title='bbox 1148 1590 1246 1668; x_wconf 88' lang='lat' dir='ltr'>aliis,</span> <span class='ocrx_word' id='word_1_40' title='bbox 1273 1605 1341 1650; x_wconf 89' lang='lat' dir='ltr'>mo·</span> <span class='ocrx_word' id='word_1_41' title='bbox 1401 1661 1405 1671; x_wconf 21' lang='lat' dir='ltr'>x</span> 
     </span>
     <span class='ocr_line' id='line_1_9' title="bbox 410 1699 1342 1787; baseline -0.009 -15"><span class='ocrx_word' id='word_1_42' title='bbox 410 1723 466 1773; x_wconf 85' lang='lat' dir='ltr'>ras</span> <span class='ocrx_word' id='word_1_43' title='bbox 488 1708 610 1787; x_wconf 85' lang='lat' dir='ltr'>nectit,</span> <span class='ocrx_word' id='word_1_44' title='bbox 639 1707 794 1773; x_wconf 85' lang='lat' dir='ltr'>consulto</span> <span class='ocrx_word' id='word_1_45' title='bbox 823 1707 893 1772; x_wconf 86' lang='lat' dir='ltr'>baec</span> <span class='ocrx_word' id='word_1_46' title='bbox 926 1706 1047 1772; x_wconf 82' lang='lat' dir='ltr'>omnia.</span> <span class='ocrx_word' id='word_1_47' title='bbox 1076 1707 1207 1770; x_wconf 48' lang='lat' dir='ltr'>¹Velint</span> <span class='ocrx_word' id='word_1_48' title='bbox 1236 1699 1342 1769; x_wconf 83' lang='lat' dir='ltr'>Caela·</span> 
     </span>
     <span class='ocr_line' id='line_1_10' title="bbox 387 1815 1343 1904; baseline -0.008 -16"><span class='ocrx_word' id='word_1_49' title='bbox 387 1821 523 1888; x_wconf 41' lang='lat' dir='ltr'>,rlauos</span> <span class='ocrx_word' id='word_1_50' title='bbox 547 1837 579 1886; x_wconf 88' lang='lat' dir='ltr'>et</span> <span class='ocrx_word' id='word_1_51' title='bbox 610 1823 724 1888; x_wconf 81' lang='lat' dir='ltr'>Dauos</span> <span class='ocrx_word' id='word_1_52' title='bbox 750 1841 848 1886; x_wconf 88' lang='lat' dir='ltr'>morae</span> <span class='ocrx_word' id='word_1_53' title='bbox 874 1821 1081 1904; x_wconf 83' lang='lat' dir='ltr'>impatientes</span> <span class='ocrx_word' id='word_1_54' title='bbox 1113 1821 1198 1884; x_wconf 88' lang='lat' dir='ltr'>abire</span> <span class='ocrx_word' id='word_1_55' title='bbox 1227 1815 1343 1882; x_wconf 83' lang='lat' dir='ltr'>exde-</span> 
     </span>
     <span class='ocr_line' id='line_1_11' title="bbox 408 1931 1345 2020; baseline -0.005 -20"><span class='ocrx_word' id='word_1_56' title='bbox 408 1935 508 2012; x_wconf 78' lang='lat' dir='ltr'>lectis</span> <span class='ocrx_word' id='word_1_57' title='bbox 534 1935 575 2001; x_wconf 84' lang='lat' dir='ltr'>ad</span> <span class='ocrx_word' id='word_1_58' title='bbox 598 1936 690 2019; x_wconf 82' lang='lat' dir='ltr'>pacis</span> <span class='ocrx_word' id='word_1_59' title='bbox 713 1937 882 2020; x_wconf 86' lang='lat' dir='ltr'>negotium</span> <span class='ocrx_word' id='word_1_60' title='bbox 906 1936 1006 2000; x_wconf 91' lang='lat' dir='ltr'>locis.</span> <span class='ocrx_word' id='word_1_61' title='bbox 1053 1934 1089 1999; x_wconf 93' lang='lat' dir='ltr'>Id</span> <span class='ocrx_word' id='word_1_62' title='bbox 1114 1935 1136 2000; x_wconf 88' lang='lat' dir='ltr'>sr</span> <span class='ocrx_word' id='word_1_63' title='bbox 1166 1931 1232 1998; x_wconf 90' lang='lat' dir='ltr'>non</span> <span class='ocrx_word' id='word_1_64' title='bbox 1257 1931 1345 1996; x_wconf 88' lang='lat' dir='ltr'>obti-</span> 
     </span>
     <span class='ocr_line' id='line_1_12' title="bbox 410 2045 1343 2134; baseline -0.006 -19"><span class='ocrx_word' id='word_1_65' title='bbox 410 2065 512 2130; x_wconf 86' lang='lat' dir='ltr'>nent,</span> <span class='ocrx_word' id='word_1_66' title='bbox 547 2049 658 2114; x_wconf 85' lang='lat' dir='ltr'>dilatis</span> <span class='ocrx_word' id='word_1_67' title='bbox 686 2071 759 2132; x_wconf 84' lang='lat' dir='ltr'>quae</span> <span class='ocrx_word' id='word_1_68' title='bbox 786 2065 876 2116; x_wconf 86' lang='lat' dir='ltr'>cum</span> <span class='ocrx_word' id='word_1_69' title='bbox 900 2051 1052 2132; x_wconf 87' lang='lat' dir='ltr'>Hispano</span> <span class='ocrx_word' id='word_1_70' title='bbox 1085 2047 1206 2134; x_wconf 84' lang='lat' dir='ltr'>agenda</span> <span class='ocrx_word' id='word_1_71' title='bbox 1246 2045 1343 2128; x_wconf 90' lang='lat' dir='ltr'>sunt,</span> 
     </span>
     <span class='ocr_line' id='line_1_13' title="bbox 412 2155 1345 2244; baseline -0.005 -16"><span class='ocrx_word' id='word_1_72' title='bbox 412 2161 608 2244; x_wconf 83' lang='lat' dir='ltr'>Imperatori</span> <span class='ocrx_word' id='word_1_73' title='bbox 631 2165 698 2228; x_wconf 89' lang='lat' dir='ltr'>duo</span> <span class='ocrx_word' id='word_1_74' title='bbox 725 2165 799 2230; x_wconf 85' lang='lat' dir='ltr'>ossa</span> <span class='ocrx_word' id='word_1_75' title='bbox 831 2164 1007 2230; x_wconf 84' lang='lat' dir='ltr'>obtrudere</span> <span class='ocrx_word' id='word_1_76' title='bbox 1024 2155 1191 2241; x_wconf 88' lang='lat' dir='ltr'>rodenda,</span> <span class='ocrx_word' id='word_1_77' title='bbox 1216 2159 1252 2224; x_wconf 82' lang='lat' dir='ltr'>de</span> <span class='ocrx_word' id='word_1_78' title='bbox 1275 2163 1345 2224; x_wconf 88' lang='lat' dir='ltr'>iure</span> 
     </span>
     <span class='ocr_line' id='line_1_14' title="bbox 413 2276 1342 2361; baseline -0.004 -19"><span class='ocrx_word' id='word_1_79' title='bbox 413 2276 568 2342; x_wconf 88' lang='lat' dir='ltr'>ordinum</span> <span class='ocrx_word' id='word_1_80' title='bbox 604 2278 692 2343; x_wconf 87' lang='lat' dir='ltr'>circa</span> <span class='ocrx_word' id='word_1_81' title='bbox 737 2295 873 2360; x_wconf 87' lang='lat' dir='ltr'>pacem,</span> <span class='ocrx_word' id='word_1_82' title='bbox 911 2293 943 2342; x_wconf 93' lang='lat' dir='ltr'>er</span> <span class='ocrx_word' id='word_1_83' title='bbox 986 2277 1113 2342; x_wconf 85' lang='lat' dir='ltr'>causam</span> <span class='ocrx_word' id='word_1_84' title='bbox 1142 2276 1342 2361; x_wconf 80' lang='lat' dir='ltr'>Palatinam3</span> 
     </span>
     <span class='ocr_line' id='line_1_15' title="bbox 385 2371 1346 2476; baseline -0.005 -19"><span class='ocrx_word' id='word_1_85' title='bbox 385 2410 481 2464; x_wconf 35' lang='lat' dir='ltr'>Jnon</span> <span class='ocrx_word' id='word_1_86' title='bbox 515 2392 605 2476; x_wconf 91' lang='lat' dir='ltr'>qood</span> <span class='ocrx_word' id='word_1_87' title='bbox 627 2393 693 2458; x_wconf 89' lang='lat' dir='ltr'>ista</span> <span class='ocrx_word' id='word_1_88' title='bbox 720 2399 760 2459; x_wconf 80' lang='lat' dir='ltr'>e&#39;x</span> <span class='ocrx_word' id='word_1_89' title='bbox 789 2395 879 2459; x_wconf 90' lang='lat' dir='ltr'>bono</span> <span class='ocrx_word' id='word_1_90' title='bbox 907 2371 1090 2459; x_wconf 71' lang='lat' dir='ltr'>Germaniae</span> <span class='ocrx_word' id='word_1_91' title='bbox 1123 2391 1227 2454; x_wconf 90' lang='lat' dir='ltr'>velint</span> <span class='ocrx_word' id='word_1_92' title='bbox 1256 2407 1346 2453; x_wconf 93' lang='lat' dir='ltr'>com·</span> 
     </span>
     <span class='ocr_line' id='line_1_16' title="bbox 413 2499 1347 2592; baseline -0.004 -22"><span class='ocrx_word' id='word_1_93' title='bbox 413 2506 517 2592; x_wconf 91' lang='lat' dir='ltr'>poni,</span> <span class='ocrx_word' id='word_1_94' title='bbox 553 2505 604 2571; x_wconf 82' lang='lat' dir='ltr'>sed</span> <span class='ocrx_word' id='word_1_95' title='bbox 632 2509 723 2591; x_wconf 89' lang='lat' dir='ltr'>quod</span> <span class='ocrx_word' id='word_1_96' title='bbox 755 2508 903 2592; x_wconf 85' lang='lat' dir='ltr'>opperiri</span> <span class='ocrx_word' id='word_1_97' title='bbox 933 2508 1038 2572; x_wconf 89' lang='lat' dir='ltr'>velint</span> <span class='ocrx_word' id='word_1_98' title='bbox 1068 2503 1255 2570; x_wconf 76' lang='lat' dir='ltr'>occasiones</span> <span class='ocrx_word' id='word_1_99' title='bbox 1287 2499 1347 2567; x_wconf 83' lang='lat' dir='ltr'>flul</span> 
     </span>
     <span class='ocr_line' id='line_1_17' title="bbox 415 2615 1350 2703; baseline -0.005 -16"><span class='ocrx_word' id='word_1_100' title='bbox 415 2621 605 2687; x_wconf 81' lang='lat' dir='ltr'>commodas</span> <span class='ocrx_word' id='word_1_101' title='bbox 641 2621 680 2685; x_wconf 87' lang='lat' dir='ltr'>ad</span> <span class='ocrx_word' id='word_1_102' title='bbox 708 2624 900 2688; x_wconf 84' lang='lat' dir='ltr'>trahendum</span> <span class='ocrx_word' id='word_1_103' title='bbox 936 2625 1079 2687; x_wconf 84' lang='lat' dir='ltr'>bellum:</span> <span class='ocrx_word' id='word_1_104' title='bbox 1114 2639 1172 2684; x_wconf 91' lang='lat' dir='ltr'>nec</span> <span class='ocrx_word' id='word_1_105' title='bbox 1201 2615 1350 2703; x_wconf 79' lang='lat' dir='ltr'>quodid</span> 
     </span>
     <span class='ocr_line' id='line_1_18' title="bbox 415 2719 1343 2822; baseline -0.001 -24"><span class='ocrx_word' id='word_1_106' title='bbox 415 2725 593 2800; x_wconf 84' lang='lat' dir='ltr'>defiderent</span> <span class='ocrx_word' id='word_1_107' title='bbox 612 2735 796 2814; x_wconf 85' lang='lat' dir='ltr'>nobilitas,</span> <span class='ocrx_word' id='word_1_108' title='bbox 821 2750 878 2800; x_wconf 91' lang='lat' dir='ltr'>aut</span> <span class='ocrx_word' id='word_1_109' title='bbox 900 2737 1016 2822; x_wconf 82' lang='lat' dir='ltr'>plebs,</span> <span class='ocrx_word' id='word_1_110' title='bbox 1042 2752 1098 2800; x_wconf 86' lang='lat' dir='ltr'>aut</span> <span class='ocrx_word' id='word_1_111' title='bbox 1125 2719 1343 2817; x_wconf 79' lang='lat' dir='ltr'>parlamentu3</span> 
     </span>
     <span class='ocr_line' id='line_1_19' title="bbox 414 2843 1350 2936; baseline 0.001 -23"><span class='ocrx_word' id='word_1_112' title='bbox 414 2843 471 2936; x_wconf 75' lang='lat' dir='ltr'>sed</span> <span class='ocrx_word' id='word_1_113' title='bbox 496 2845 586 2932; x_wconf 93' lang='lat' dir='ltr'>quod</span> <span class='ocrx_word' id='word_1_114' title='bbox 610 2848 669 2927; x_wconf 90' lang='lat' dir='ltr'>qui</span> <span class='ocrx_word' id='word_1_115' title='bbox 692 2867 756 2912; x_wconf 87' lang='lat' dir='ltr'>rem</span> <span class='ocrx_word' id='word_1_116' title='bbox 778 2849 930 2916; x_wconf 88' lang='lat' dir='ltr'>summam</span> <span class='ocrx_word' id='word_1_117' title='bbox 948 2849 982 2911; x_wconf 94' lang='lat' dir='ltr'>in</span> <span class='ocrx_word' id='word_1_118' title='bbox 1005 2867 1101 2913; x_wconf 79' lang='lat' dir='ltr'>manu</span> <span class='ocrx_word' id='word_1_119' title='bbox 1118 2848 1257 2927; x_wconf 87' lang='lat' dir='ltr'>habent,</span> <span class='ocrx_word' id='word_1_120' title='bbox 1279 2848 1350 2930; x_wconf 87' lang='lat' dir='ltr'>spe·</span> 
     </span>
     <span class='ocr_line' id='line_1_20' title="bbox 414 2947 1347 3042; baseline 0.001 -16"><span class='ocrx_word' id='word_1_121' title='bbox 414 2947 511 3040; x_wconf 79' lang='lat' dir='ltr'>rent,</span> <span class='ocrx_word' id='word_1_122' title='bbox 533 2958 563 3022; x_wconf 90' lang='lat' dir='ltr'>se</span> <span class='ocrx_word' id='word_1_123' title='bbox 588 2979 646 3042; x_wconf 88' lang='lat' dir='ltr'>per</span> <span class='ocrx_word' id='word_1_124' title='bbox 670 2961 790 3028; x_wconf 90' lang='lat' dir='ltr'>bellum</span> <span class='ocrx_word' id='word_1_125' title='bbox 813 2978 982 3028; x_wconf 84' lang='lat' dir='ltr'>externum</span> <span class='ocrx_word' id='word_1_126' title='bbox 1002 2983 1019 3027; x_wconf 89' lang='lat' dir='ltr'>a</span> <span class='ocrx_word' id='word_1_127' title='bbox 1041 2961 1187 3028; x_wconf 90' lang='lat' dir='ltr'>moribus</span> <span class='ocrx_word' id='word_1_128' title='bbox 1210 2947 1347 3027; x_wconf 82' lang='lat' dir='ltr'>internis</span> 
     </span>
     <span class='ocr_line' id='line_1_21' title="bbox 415 3073 1348 3157; baseline 0.002 -19"><span class='ocrx_word' id='word_1_129' title='bbox 415 3077 560 3142; x_wconf 85' lang='lat' dir='ltr'>tutiores</span> <span class='ocrx_word' id='word_1_130' title='bbox 585 3073 677 3155; x_wconf 87' lang='lat' dir='ltr'>lore,</span> <span class='ocrx_word' id='word_1_131' title='bbox 711 3077 802 3157; x_wconf 82' lang='lat' dir='ltr'>quod</span> <span class='ocrx_word' id='word_1_132' title='bbox 832 3093 937 3142; x_wconf 88' lang='lat' dir='ltr'>tamen</span> <span class='ocrx_word' id='word_1_133' title='bbox 970 3078 1131 3143; x_wconf 87' lang='lat' dir='ltr'>incertum</span> <span class='ocrx_word' id='word_1_134' title='bbox 1155 3091 1220 3142; x_wconf 87' lang='lat' dir='ltr'>est.</span> <span class='ocrx_word' id='word_1_135' title='bbox 1266 3079 1348 3143; x_wconf 92' lang='lat' dir='ltr'>Pos-</span> 
     </span>
     <span class='ocr_line' id='line_1_22' title="bbox 414 3186 1349 3275; baseline 0.006 -23"><span class='ocrx_word' id='word_1_136' title='bbox 414 3186 461 3253; x_wconf 85' lang='lat' dir='ltr'>set</span> <span class='ocrx_word' id='word_1_137' title='bbox 488 3188 595 3269; x_wconf 89' lang='lat' dir='ltr'>enim,</span> <span class='ocrx_word' id='word_1_138' title='bbox 621 3188 767 3255; x_wconf 83' lang='lat' dir='ltr'>manente</span> <span class='ocrx_word' id='word_1_139' title='bbox 793 3192 880 3256; x_wconf 92' lang='lat' dir='ltr'>bello</span> <span class='ocrx_word' id='word_1_140' title='bbox 912 3206 1070 3271; x_wconf 86' lang='lat' dir='ltr'>externo,</span> <span class='ocrx_word' id='word_1_141' title='bbox 1102 3191 1195 3274; x_wconf 83' lang='lat' dir='ltr'>plebe</span> <span class='ocrx_word' id='word_1_142' title='bbox 1222 3209 1253 3256; x_wconf 84' lang='lat' dir='ltr'>et</span> <span class='ocrx_word' id='word_1_143' title='bbox 1275 3192 1349 3275; x_wconf 86' lang='lat' dir='ltr'>qui·</span> 
     </span>
     <span class='ocr_line' id='line_1_23' title="bbox 414 3296 1348 3389; baseline 0.005 -23"><span class='ocrx_word' id='word_1_144' title='bbox 414 3296 554 3369; x_wconf 88' lang='lat' dir='ltr'>busdam</span> <span class='ocrx_word' id='word_1_145' title='bbox 579 3304 789 3389; x_wconf 84' lang='lat' dir='ltr'>principibus</span> <span class='ocrx_word' id='word_1_146' title='bbox 814 3305 1013 3384; x_wconf 73' lang='lat' dir='ltr'>commotio,</span> <span class='ocrx_word' id='word_1_147' title='bbox 1039 3319 1167 3370; x_wconf 90' lang='lat' dir='ltr'>rantum</span> <span class='ocrx_word' id='word_1_148' title='bbox 1184 3309 1267 3371; x_wconf 87' lang='lat' dir='ltr'>mali</span> <span class='ocrx_word' id='word_1_149' title='bbox 1293 3327 1348 3371; x_wconf 85' lang='lat' dir='ltr'>ex·</span> 
     </span>
     <span class='ocr_line' id='line_1_24' title="bbox 414 3403 1348 3504; baseline 0.006 -21"><span class='ocrx_word' id='word_1_150' title='bbox 414 3403 538 3497; x_wconf 68' lang='lat' dir='ltr'>istem,</span> <span class='ocrx_word' id='word_1_151' title='bbox 563 3417 808 3504; x_wconf 35' lang='lat' dir='ltr'>quod-reprimi</span> <span class='ocrx_word' id='word_1_152' title='bbox 832 3437 898 3483; x_wconf 90' lang='lat' dir='ltr'>nou</span> <span class='ocrx_word' id='word_1_153' title='bbox 924 3415 1056 3502; x_wconf 81' lang='lat' dir='ltr'>posset,</span> <span class='ocrx_word' id='word_1_154' title='bbox 1081 3419 1140 3486; x_wconf 83' lang='lat' dir='ltr'>nist</span> <span class='ocrx_word' id='word_1_155' title='bbox 1161 3423 1195 3486; x_wconf 89' lang='lat' dir='ltr'>vi</span> <span class='ocrx_word' id='word_1_156' title='bbox 1213 3424 1348 3489; x_wconf 85' lang='lat' dir='ltr'>oraxima</span> 
     </span>
     <span class='ocr_line' id='line_1_25' title="bbox 392 3513 1348 3616; baseline 0.004 -20"><span class='ocrx_word' id='word_1_157' title='bbox 392 3523 395 3530; x_wconf 69' lang='grc'><strong>”</strong></span> <span class='ocrx_word' id='word_1_158' title='bbox 416 3549 581 3598; x_wconf 81' lang='lat' dir='ltr'>armorum</span> <span class='ocrx_word' id='word_1_159' title='bbox 605 3549 644 3594; x_wconf 89' lang='lat' dir='ltr'>eo</span> <span class='ocrx_word' id='word_1_160' title='bbox 667 3543 792 3612; x_wconf 87' lang='lat' dir='ltr'>tracta,</span> <span class='ocrx_word' id='word_1_161' title='bbox 823 3527 915 3614; x_wconf 85' lang='lat' dir='ltr'>quod</span> <span class='ocrx_word' id='word_1_162' title='bbox 938 3533 1037 3616; x_wconf 88' lang='lat' dir='ltr'>ipsam</span> <span class='ocrx_word' id='word_1_163' title='bbox 1064 3533 1205 3600; x_wconf 87' lang='lat' dir='ltr'>Galliam</span> <span class='ocrx_word' id='word_1_164' title='bbox 1236 3513 1348 3615; x_wconf 87' lang='lat' dir='ltr'>paten-</span> 
     </span>
     <span class='ocr_line' id='line_1_26' title="bbox 378 3644 1350 3733; baseline 0.005 -26"><span class='ocrx_word' id='word_1_165' title='bbox 378 3647 381 3654; x_wconf 84' lang='grc'><em>“</em></span> <span class='ocrx_word' id='word_1_166' title='bbox 413 3656 481 3710; x_wconf 88' lang='lat' dir='ltr'>tem</span> <span class='ocrx_word' id='word_1_167' title='bbox 506 3644 798 3713; x_wconf 69' lang='lat' dir='ltr'>lrosti&#39;obiiceret.</span> <span class='ocrx_word' id='word_1_168' title='bbox 852 3647 915 3713; x_wconf 86' lang='lat' dir='ltr'>Sed</span> <span class='ocrx_word' id='word_1_169' title='bbox 947 3651 1037 3729; x_wconf 78' lang='lat' dir='ltr'>haee,</span> <span class='ocrx_word' id='word_1_170' title='bbox 1062 3669 1134 3733; x_wconf 84' lang='lat' dir='ltr'>quae</span> <span class='ocrx_word' id='word_1_171' title='bbox 1167 3652 1200 3714; x_wconf 93' lang='lat' dir='ltr'>ln</span> <span class='ocrx_word' id='word_1_172' title='bbox 1223 3649 1350 3714; x_wconf 86' lang='lat' dir='ltr'>incerto</span> 
     </span>
     <span class='ocr_line' id='line_1_27' title="bbox 413 3749 1347 3843; baseline 0.009 -23"><span class='ocrx_word' id='word_1_173' title='bbox 413 3749 491 3824; x_wconf 86' lang='lat' dir='ltr'>sunt</span> <span class='ocrx_word' id='word_1_174' title='bbox 509 3759 634 3840; x_wconf 80' lang='lat' dir='ltr'>posita,</span> <span class='ocrx_word' id='word_1_175' title='bbox 651 3781 709 3843; x_wconf 86' lang='lat' dir='ltr'>per</span> <span class='ocrx_word' id='word_1_176' title='bbox 722 3755 846 3843; x_wconf 76' lang='lat' dir='ltr'>&#39;preces</span> <span class='ocrx_word' id='word_1_177' title='bbox 865 3763 937 3828; x_wconf 86' lang='lat' dir='ltr'>Deo</span> <span class='ocrx_word' id='word_1_178' title='bbox 962 3765 1235 3830; x_wconf 82' lang='lat' dir='ltr'>commendemus.</span> <span class='ocrx_word' id='word_1_179' title='bbox 1269 3765 1347 3830; x_wconf 80' lang='lat' dir='ltr'>Dux</span> 
     </span>
     <span class='ocr_line' id='line_1_28' title="bbox 411 3861 1345 3962; baseline 0.001 -22"><span class='ocrx_word' id='word_1_180' title='bbox 411 3861 632 3960; x_wconf 81' lang='lat' dir='ltr'>Angulanus,</span> <span class='ocrx_word' id='word_1_181' title='bbox 655 3895 731 3942; x_wconf 89' lang='lat' dir='ltr'>cum</span> <span class='ocrx_word' id='word_1_182' title='bbox 753 3876 951 3958; x_wconf 82' lang='lat' dir='ltr'>duodecim,</span> <span class='ocrx_word' id='word_1_183' title='bbox 976 3890 1013 3944; x_wconf 93' lang='lat' dir='ltr'>ut</span> <span class='ocrx_word' id='word_1_184' title='bbox 1041 3887 1150 3962; x_wconf 78' lang='lat' dir='ltr'>putu,</span> <span class='ocrx_word' id='word_1_185' title='bbox 1174 3878 1345 3958; x_wconf 80' lang='lat' dir='ltr'>millibus,</span> 
     </span>
     <span class='ocr_line' id='line_1_29' title="bbox 1316 4011 1350 4056; baseline 0 0"><span class='ocrx_word' id='word_1_186' title='bbox 1316 4011 1350 4056; x_wconf 89' lang='lat' dir='ltr'>m</span> 
     </span>
    </p>
   </div>
   <div class='ocr_carea' id='block_1_6' title="bbox 0 0 1533 5102">
    <p class='ocr_par' dir='ltr' id='par_1_7' title="bbox 0 0 1533 5102">
     <span class='ocr_line' id='line_1_30' title="bbox 0 0 1533 5102; baseline 0 0"><span class='ocrx_word' id='word_1_187' title='bbox 0 0 1533 5102; x_wconf 95' lang='lat' dir='ltr'> </span> 
     </span>
    </p>
   </div>
  </div>
 </body>
</html>
