3030 5102
781 392 930 475 '(1v)

405 557 470 641 sis,
487 559 661 643 Epistolas
678 577 717 624 eo
735 558 923 638 contineri,
947 559 1119 640 plerasque
1136 555 1261 628 Latino
1278 560 1342 628 ser·

406 696 526 758 mone,
552 693 672 758 paucas
700 674 835 738 Suecica
860 675 970 756 lingua
996 673 1223 757 conscriptas3
1258 679 1342 742 vidit

406 791 442 857 in
472 769 512 855 iis
549 791 599 874 agi
634 789 672 850 de
703 787 800 852 rebus
830 786 1013 851 Historiam
1041 788 1156 868 potius
1187 792 1342 872 Europae

405 902 588 969 universam
629 888 727 982 ‘quam
767 902 961 983 peculiarem
999 904 1119 983 patriae
1158 903 1340 970 Historiam

405 1015 644 1100 spectantibus.
712 1016 930 1102 Quamobrem
953 1019 1141 1083 ulteriorem
1169 1017 1267 1082 huius
1298 1017 1343 1081 rei

406 1128 651 1212 indagationem
674 1132 789 1196 'tertiae
812 1133 938 1212 Classr,
963 1131 1018 1197 cui
1037 1133 1075 1196 ab
1095 1131 1248 1195 Historia
1267 1150 1343 1214 gen·

410 1245 496 1310 tium
530 1243 705 1310 universali
737 1260 769 1308 et
806 1247 972 1314 literarum
1008 1251 1189 1310 exterarum
1226 1244 1347 1310 studiis'

409 1377 527 1423 nomen
554 1373 624 1439 est,
665 1357 950 1443 commendam
986 1361 1051 1424 esse
1087 1359 1233 1438 censuit,
1275 1374 1341 1438 quo

398 1470 534 1538 'factum
558 1454 812 1559 umfreda
838 1475 960 1540 Classrs
988 1474 1154 1554 persecuta
1180 1471 1219 1536 srt
1246 1483 1342 1551 atque

408 1587 450 1650 ad
477 1561 725 1668 finfttffsttandem
754 1589 941 1668 perduxerit
962 1606 1058 1666 quam
1074 1586 1198 1678 sororia
1218 1583 1342 1650 Classis

409 1699 474 1764 iam
512 1701 722 1765 inchoaverat
748 1701 1049 1784 investigationem.

452 1813 564 1898 Quum
590 1831 697 1878 autem
727 1833 834 1879 rerum
866 1814 906 1878 ad
930 1814 1041 1878 literas
1068 1827 1102 1877 et
1130 1827 1215 1880 artes
1244 1812 1346 1894 perti·

409 1930 567 1993 nentium
584 1931 617 1994 in
643 1931 707 1994 boc
730 1929 846 2014 Regno
864 1928 1066 1993 Administer
1081 1929 1143 1992 Vir
1164 1929 1261 2008 ampl.
1291 1945 1344 1990 ro·

409 2043 539 2125 gasset,
565 2044 645 2123 quid
662 2043 735 2107 illae
754 2045 927 2124 Epistulae
948 2028 1061 2108 afferre
1076 2041 1175 2124 posse
1198 2041 1347 2105 videren-

408 2167 465 2218 tur
482 2157 517 2228 in
539 2175 710 2219 commune
733 2158 897 2221 literarum
922 2157 1155 2234 commodum,
1180 2155 1347 2236 respondit

407 2265 536 2332 Classis
572 2271 700 2348 tertia,
721 2271 829 2333 literas
862 2270 976 2334 Grotii
1004 2289 1085 2352 quae
1111 2267 1237 2334 Codice
1266 2287 1346 2332 con·

399 2368 595 2444 tine'rentur
629 2402 739 2447 omnes
776 2383 908 2466 publice
940 2382 1077 2445 edendas
1113 2381 1241 2462 videri,
1275 2401 1342 2462 quo

314 2575 318 2582 .
410 2493 532 2578 inssgne
556 2498 748 2560 collectioni
767 2499 992 2578 Epistularum
1017 2497 1130 2562 Grotii
1153 2498 1213 2561 iam
1241 2498 1344 2562 editae

411 2607 646 2672 incrementum
675 2611 862 2690 accederet,
887 2623 920 2674 et¹
943 2611 1103 2676 addendas
1131 2611 1172 2674 iis
1199 2611 1265 2675 esse
1280 2612 1345 2676 La-

411 2723 499 2783 tinas
531 2721 759 2792 Oxenlliernae
787 2724 983 2802 EpistolaS‚
1035 2725 1157 2803 quippe
1193 2746 1273 2805 quae
1307 2727 1347 2792 ad

412 2833 597 2898 Historiam
631 2850 814 2916 temporum
845 2837 978 2899 illorunr
1007 2835 1233 2900 illustrandam
1258 2857 1346 2920 egre-

411 2949 462 3031 gie
494 2949 599 3012 valere
632 2948 778 3028 possent.
843 2949 975 3034 Quibus
1011 2949 1183 3029 probatis,
1218 2951 1355 3031 editio,¹

414 3081 495 3141 quae
522 3080 608 3126 nunc
639 3063 774 3143 prodit,
810 3081 920 3144 parata
951 3077 1024 3139 est,
1061 3065 1157 3135 cuius
1187 3080 1222 3128 ut
1250 3066 1347 3128 intel-

410 3173 534 3256 ligatur
566 3176 646 3256 quid
679 3176 717 3241 stt
752 3161 942 3255 consilium,
987 3178 1254 3238 accuratior-est
1292 3195 1346 3240 ex-

412 3287 553 3352 hibenda
570 3291 723 3355 'Codicis
746 3290 945 3381 descriptio,
970 3304 1040 3355 tum
1065 3289 1150 3356 tatio
1173 3287 1344 3356 Editionis

299 3433 307 3448 ·
412 3402 608 3480 exponenda
638 3421 702 3468 est.
756 3431 759 3440 ¹

414 3554 417 3563 ·
456 3515 573 3584 Codex
596 3533 646 3580 est
670 3519 923 3583 Hannoveranae
947 3519 1190 3600 Bibliothecae,
1221 3539 1277 3599 144
1296 3521 1347 3584 fo-

286 3667 288 3671 *
338 3717 341 3723 .
412 3629 467 3692 liis
502 3629 674 3710 constant,
710 3631 813 3695 forma
847 3635 977 3702 maiori.
1042 3637 1134 3698 Duae
1172 3633 1244 3696 sunt
1274 3634 1345 3696 eius

414 3741 656 3826 distinguendae
682 3764 812 3824 partes,
837 3751 958 3828 altera,
993 3768 1036 3829 92
1065 3747 1233 3831 prioribus
1258 3764 1348 3810 com-

411 3857 564 3938 prehensa
590 3857 704 3942 foliis,
737 3860 909 3943 Epistulas
933 3862 1050 3930 Grotii
1079 3862 1232 3942 exbibet,
1266 3861 1345 3922 alre·

1258 3991 1345 4052 tarn,
