3030 5102
306 365 611 498 ‘aristolam
657 429 939 500 aaronita:
1037 450 1079 516 35

119 616 285 686 :tempore
311 619 376 667 tam
397 601 502 685 lgravi
517 643 529 681 ,
558 600 815 673 liberalitatibus
846 603 913 671 suia
940 606 1074 688 parcius

138 729 266 783 utatur.
313 715 417 782 Multi
444 695 502 798 pet
524 716 607 780 hanc
628 716 741 783 urbem
765 716 895 782 nobiles
923 719 1076 804 equitant
1151 739 1154 746 ·

59 857 63 865 ·
138 848 213 898 cum
244 825 454 913 pirtoletti'sr
481 842 487 853 “
509 829 601 914 quod
628 827 751 914 signnm
777 831 844 896 esse
868 832 951 898 solet
975 833 1073 898 facti·

137 963 251 1012 onum.
305 935 450 1012 Dicitur
473 943 546 1010 Rex
568 943 815 1030 Portugallicus
842 965 995 1033 magnam·
1015 965 1072 1029 pa·

56 1046 64 1061 ’
136 1077 205 1123 aare
230 1055 364 1124 classem
383 1059 424 1124 ad
442 1057 596 1126 tuendam
625 1077 716 1126 oram
736 1061 956 1144 maritimam3
987 1061 1070 1124 aliae

62 1211 67 1224 -
136 1189 237 1238 naves
274 1173 404 1239 mittere
439 1167 475 1238 in
506 1171 633 1238 Indiam
663 1171 846 1242 ,Auaticam
881 1190 914 1241 et
949 1175 1068 1258 Sinas;

133 1303 249 1372 augere
280 1288 461 1354 exereitum
502 1286 601 1352 novis
635 1299 715 1352 octo
755 1287 917 1354 millibus.
979 1289 1070 1354 Inter

124 1381 214 1481 eor,
244 1401 363 1482 quiin
394 1398 520 1464 ditione
548 1399 623 1469 sunt
645 1400 766 1484 Papa,
798 1415 831 1464 et
855 1397 1068 1478 Eihruscos,

133 1515 365 1582 commercium
391 1513 593 1593 restituitur,
619 1517 769 1598 quamvis
795 1528 942 1582 manente
961 1513 1064 1586 bello.

132 1629 304 1695 Barbatini
329 1628 369 1694 ab
399 1629 649 1713 oppugnatione
675 1629 801 1696 montis
820 1628 994 1696 Colonio'li
1016 1640 1069 1692 re·

134 1741 220 1827 pulsa
242 1742 330 1810 sunt.

529 1967 648 2036 VIII.

88 2287 92 2294 .
176 2191 476 2265 ‘IOHANNI
519 2193 962 2272 OXENSTIERNAE.
1050 2189 1053 2204 ’

293 2428 586 2494 Iarorrnrarrmn
609 2423 788 2492 Donrrnrl

170 2576 298 2726 Sicut
310 2653 463 2722 mandata
482 2653 577 2720 avide
598 2650 774 2738 exsperto,
792 2639 969 2722 secundom
987 2663 1066 2738 qum

29 2837 31 2846 ,
126 2769 165 2834 tle
188 2770 285 2835 rebus
307 2781 424 2836 eontra
448 2769 563 2860 Daniae
586 2767 709 2855 Regem
733 2766 898 2850 susceptis
924 2767 982 2834 lrie
1008 2767 1065 2830 lo·
1111 2771 1114 2780 ’

127 2899 229 2966 quar,
250 2884 296 2949 ita
317 2882 412 2950 facile
435 2883 618 2950 credonon
636 2867 952 2961 ommutescere,
975 2895 1062 2961 quaa

115 2999 189 3092 Inoo
206 2991 353 3079 tempore
374 2996 504 3080 vulgati
522 3011 562 3064 ex
576 2993 637 3065 usu
657 2997 721 3078 stt,
744 3013 805 3077 ne,
832 2995 891 3080 qui
909 2992 1059 3060 confiliia

14 3193 22 3214 ἢ
123 3112 261 3205 Daniele
284 3108 424 3175 immixti
442 3109 554 3192 fuere,
579 3111 752 3191 videnter,
779 3129 816 3176 ea
841 3127 910 3176 non
935 3109 1057 3188 latere,

120 3239 231 3308 aperte
256 3225 291 3290 in
312 3223 440 3292 caulam
463 3222 687 3290 descendant·
727 3217 883 3288 Relidenr
909 3242 928 3291 a
952 3223 1056 3289 Polo-

122 3340 201 3419 nia,¹
223 3337 281 3423 qul
299 3338 354 3405 hic
373 3353 448 3422 eat,
474 3341 576 3422 homo
594 3337 700 3406 Italus
728 3351 762 3404 et
786 3337 957 3406 cardinali
982 3337 1058 3402 Ma·
1112 3337 1113 3340 ’

122 3453 238 3521 tarino
254 3453 400 3534 amitus,
417 3453 485 3536 ait,
508 3451 532 3521 st
551 3467 688 3540 pergant
703 3451 802 3520 nobis
820 3469 873 3518 rer
895 3452 929 3516 in
948 3448 1056 3517 Dania
1153 3475 1156 3480 ·

102 3553 310 3648 'mecedem
335 3566 467 3652 periisse
490 3583 523 3634 et
545 3567 720 3636 Polooiam
748 3581 781 3632 et
804 3565 957 3650 religioni
981 3563 1055 3628 Ro·

120 3699 220 3750 manae
238 3682 392 3776 summam
409 3680 575 3750 imminere
590 3683 712 3748 labemr
734 3678 826 3761 quod
844 3675 979 3742 stSuedi
996 3694 1063 3760 per.

110 3795 365 3868 matrimonium
395 3793 695 3883 Brandeburglcum
722 3807 841 3876 praeter
870 3806 959 3854 oram
987 3809 1055 3856 ma·

119 3906 261 3980 nltimam
288 3913 385 3982 etiam
410 3905 599 3982 Iuliocensrs
624 3903 840 3979 succesfionir
868 3917 971 3974 tetras
988 3903 1054 3968 ¹ob·

550 4024 626 4090 Ca
1015 4016 1059 4080 ti·
