3014 5098
414 445 461 518 pa
561 365 1227 500 nnoonts'unortt

417 604 512 669 thum
542 614 771 681 commeatus,
805 613 838 664 et
869 599 1044 682 eruptione
1080 601 1169 668 facta
1204 603 1362 674 damnum

417 717 529 793 clatum
554 715 795 790 obsidentibus.
849 714 968 800 Legati
986 714 1145 782 Italorum
1162 717 1357 800 Principum

415 828 509 896 stmul
531 829 628 911 apud
653 829 859 894 cardinalem
885 827 976 894 fuere
998 830 1050 897 his
1074 829 1206 903 diebus.
1264 833 1358 900 Mar·

416 942 506 1007 finus
541 942 582 1006 ad
611 943 845 1008 Marescallum
876 941 1034 1032 Turena¹
1055 944 1148 1010 ducit
1185 963 1358 1031 augmenta

303 1048 306 1053 ’
379 1115 383 1126 ,
415 1058 602 1138 copiarum.
648 1057 764 1138 Deus,
788 1052 1010 1124 Illustrisstmi
1029 1043 1356 1130 etEttcellentisfitni

414 1159 574 1257 Domini,
593 1171 811 1239 Excellentiis
829 1170 961 1237 Vestris
979 1172 1034 1238 det
1052 1171 1354 1259 omniapr'ospera.

414 1307 560 1381 Duretiae
578 1279 674 1436 ξιξ-ΙΙ
695 1310 812 1380 Martii
836 1321 1063 1383 ctotocxnv.
1152 1311 1155 1316 '

853 1454 1072 1522 Excellentiis
1098 1455 1232 1520 Vestris

844 1569 1006 1667 inservire
1024 1569 1249 1651 paratissimus
1317 1565 1320 1574 “

942 1769 944 1784 ι
1006 1681 1051 1747 H.
1082 1682 1309 1750 Gnortus.

455 1855 660 1920 Harcurtius
685 1855 846 1920 Narbona
870 1855 1035 1931 transiens
1062 1855 1115 1921 sex
1139 1855 1242 1922 millia
1266 1855 1353 1920 mili·

411 1982 484 2035 tum
499 1987 541 2038 ex
560 1969 629 2036 illis
646 1971 734 2035 locis
754 1970 787 2036 in
805 1970 1010 2037 Catalaniam
1031 1969 1223 2038 transmisit.
1270 1972 1351 2038 Dux

411 2079 556 2154 Carolus
583 2083 730 2149 Mottam
764 2083 798 2148 in
823 2084 1048 2171 Lotharingia
1076 2085 1181 2170 ¹sperat?
1210 2081 1239 2149 se
1271 2085 1352 2150 libe·

411 2217 482 2264 tare
500 2199 540 2262 ab
560 2195 686 2263 obstdio
706 2197 816 2281 posse.
863 2183 981 2285 Legati
1004 2199 1120 2266 Batavi
1141 2199 1349 2264 Parlamettto

327 2307 330 2312 ’
407 2308 632 2396 proposuere,
655 2333 730 2378 cum
755 2313 927 2398 religionis
954 2314 1050 2380 causa
1073 2314 1350 2387 communitetec

407 2427 553 2494 Batavos
578 2426 700 2510 spectet
721 2440 754 2491 et
774 2428 1073 2507 Parlatnentatios‚
1102 2426 1226 2509 sperare
1255 2426 1305 2505 se,
1330 2447 1349 2496 a

407 2541 497 2627 Rege
520 2542 651 2626 Magnae
673 2541 850 2608 Britanniae
875 2541 971 2625 posse
995 2541 1139 2609 obtineri
1161 2557 1222 2622 ut,
1255 2542 1349 2626 quod

407 2657 567 2741 Synodus
596 2655 788 2720 Nationalis
815 2657 946 2741 Angliae
980 2655 1138 2722 canonice
1169 2675 1349 2742 congrega·

398 2785 462 2851 ,ta‚
486 2769 656 2835 advocatis
689 2770 784 2834 etiam
816 2790 856 2836 ex
887 2771 1063 2837 Germania
1095 2785 1128 2836 et
1164 2768 1347 2838 Hollandia

405 2884 628 2964 doctoribus,
668 2884 870 2964 decreverim
908 2903 947 2948 eo
972 2885 1043 2948 ilet'.
1112 2884 1192 2949 Non
1218 2884 1347 2966 placuit

403 3001 467 3066 hoc
488 2992 774 3078 Parlamentariis‚
808 2999 867 3079 qui
891 2999 1066 3080 dixerunt,
1097 2997 1186 3064 suam
1213 2998 1347 3082 religio·

402 3091 476 3178 nem
503 3113 563 3180 fibi
584 3112 651 3180 esse
676 3113 866 3198 cognitam}
911 3114 1066 3180 inducias
1091 3115 1187 3179 etinur
1211 3127 1268 3180 aut
1295 3112 1346 3176 di·

402 3225 586 3292 missronem
604 3227 720 3294 militis
738 3229 778 3293 ab
798 3241 939 3313 utraque
957 3243 1048 3312 parte
1064 3213 1245 3294 noluer'unt
1263 3247 1344 3292 con·

403 3343 529 3407 cudere.
576 3340 712 3408 Interim
742 3342 798 3426 qui
827 3341 885 3420 sub
911 3340 1052 3407 Essexio
1078 3340 1167 3412 fuere
1197 3343 1343 3424 milites,

403 3469 585 3539 postquam
616 3453 671 3519 ille
706 3471 745 3522 ex
769 3457 964 3522 Parlatnenti
991 3455 1123 3522 decreto
1155 3458 1185 3524 se
1212 3459 1251 3524 ab
1284 3443 1357 3522 im·'

402 3572 497 3653 petio
517 3567 717 3653 abdicavit,
745 3568 948 3636 tumultuose
978 3589 1103 3654 agunt:
1130 3587 1196 3638 tres
1226 3588 1342 3640 turmae

401 3685 442 3749 ad
468 3685 590 3770 Regem
618 3672 820 3752 concessere.
893 3686 1060 3752 Wallerus
1097 3701 1239 3752 conatus
1274 3685 1341 3752 fuit

402 3800 436 3864 in
462 3799 678 3866 Farnhamum
699 3817 803 3866 arcem
826 3797 855 3864 se
876 3801 1031 3883 recipere.
1082 3803 1212 3868 Haltam
1235 3818 1341 3867 arcem

397 3915 433 3986 in
460 3915 579 3980 lliallia
601 3931 713 3997 cepere
733 3913 993 3983 Parlamentarii.
1041 3916 1109 4002 Qui
1131 3916 1275 3984 eiusdem
1305 3916 1340 3982 in

490 4049 493 4054 ·
1269 4030 1343 4113 lly-
