3030 5102
342 392 641 464 nrrsrorln
685 393 957 466 runnrrm.
1068 411 1118 479 η

176 563 212 632 in
238 563 409 652 Bisontina
438 579 490 630 ert
513 564 660 650 regione.
705 565 785 632 Dux
804 567 971 646 Carolusa
997 582 1112 648 quam-

179 697 275 760 quam
301 697 370 746 non
387 676 503 744 definit
527 679 581 744 hic
613 677 734 763 semper
751 693 897 759 tentare,
918 678 1026 763 srquid
1047 679 1113 746 effi·
1177 727 1179 732 -

177 811 249 860 cete
274 785 401 877 posfit',
425 791 549 859 dicitur
576 792 751 876 pecuniam
779 792 941 875 recepisse
966 813 984 859 a
1007 793 1109 860 Barr-

174 907 281 988 ticio,
321 905 416 993 (sunt
446 922 553 972 autem
585 905 609 970 ii
642 904 676 968 in
704 903 891 972 Palatiuatu
932 907 1107 994 inferiore)
1227 903 1231 926 ¹

175 1032 215 1086 ut
250 1020 289 1084 ad
316 1020 510 1102 Mosellam,
534 1034 565 1086 rt
593 1018 668 1084 inde
702 1019 744 1084 ad
766 1021 918 1086 Rhenum
949 1023 1107 1104 veniens,

174 1129 253 1216 ipsts
282 1131 312 1197 se
338 1133 490 1220 iungam·
513 1133 692 1212 Germani,
722 1134 781 1214 qui
801 1137 940 1200 multum
965 1112 1107 1200 ostentio

173 1247 319 1314 tribuere
342 1248 468 1330 solent,
493 1247 613 1314 bellum
637 1245 769 1312 crudele
791 1244 824 1311 in
850 1248 926 1312 istis
952 1249 1106 1330 partibor

172 1359 247 1430 fore
272 1376 498 1448 augurantur,
521 1375 659 1442 propter
682 1375 827 1442 repertas
855 1361 976 1427 Brettae
993 1379 1106 1444 ‘aquas

172 1473 454 1561 sanguinolentas.
518 1475 690 1541 Dicuntur
714 1474 832 1540 Bavnti
859 1477 1006 1558 quinque
1035 1477 1108 1542 mil»
1217 1455 1220 1464 ’

172 1589 218 1654 lia
252 1588 421 1656 saccorum
454 1588 680 1656 frumenti'rd
710 1587 945 1655 alimenta—fibi
973 1608 1108 1672 compu-

169 1703 272 1773 tasse.
316 1703 397 1769 Pars
419 1722 533 1768 eorum
569 1706 626 1790 qui
656 1700 868 1770 excurrerant
895 1704 977 1768 male
1003 1703 1108 1769 habiti

55 1907 62 1918 Ι
172 1837 193 1883 r
230 1817 320 1883 Rosa
361 1818 401 1883 ad
442 1819 826 1902 Coroniwisenburgum.
893 1815 1105 1884 Proditionis

169 1929 345 1997 confilium
380 1932 570 2018 Uberlingae
604 1931 836 2015 deprehensum
868 1945 903 1998 ct
936 1931 1103 2013 punitum.

170 2041 242 2130 Qui
262 2043 485 2110 Hohentwilae
506 2043 692 2127 praestdium
714 2046 856 2125 habent,
875 2044 949 2110 inde
965 2044 1106 2128 egresd,

167 2174 294 2240 ‚pecora
318 2177 336 2222 a
363 2157 465 2225 Cellae
490 2161 600 2242 portis
624 2161 814 2245 abegerunt.
860 2162 913 2228 Ex
936 2159 1029 2223 Italia
1050 2161 1107 2224 ha·

167 2271 309 2353 bemus,
332 2272 458 2340 venisse
485 2273 525 2340 ad
553 2272 673 2356 Papam
706 2255 758 2338 b'is
789 2273 876 2340 mille
907 2271 1105 2350 Helvetios,
1177 2349 1191 2358 ἐ

169 2385 396 2472 septingentos
418 2387 728 2452 deMomel'errmor
754 2387 879 2469 sperare
902 2403 1009 2452 autem
1028 2383 1107 2452 llar-

172 2499 332 2581 barinos,
364 2500 457 2566 brevi
481 2499 510 2566 sc
541 2501 716 2568 habituros
754 2515 822 2565 tres
851 2501 1017 2581 exercitus
1046 2501 1107 2566 bu·

169 2629 257 2692 nos,
295 2612 463 2695 viterbii,
503 2613 663 2694 Perustae,
694 2612 734 2677 ad
766 2613 968 2680 Castellum:
1015 2613 1107 2680 Tus·

170 2744 232 2792 cor
259 2725 367 2793 adhuc
392 2727 428 2792 in
459 2726 588 2797 obstdio
622 2729 786 2796 Cistern'ae
819 2727 959 2794 versari:
1002 2724 1106 2792 deser·
1186 2767 1201 2794 -.

168 2854 241 2908 tum
266 2855 373 2908 autem
406 2861 423 2908 a
455 2842 594 2908 Venetis
621 2840 783 2908 oblidium
814 2841 929 2908 Lacus
956 2838 1104 2936 obscuri.
1208 2893 1211 2898 ,

168 2953 211 3020 In'
233 2954 420 3038 Hispanico
454 2955 517 3022 fine
544 2957 656 3022 Motta
679 2954 924 3036 Odincurtius‚
957 2973 990 3020 re
1017 2953 1108 3018 nulla

168 3083 324 3151 peracta,
353 3067 450 3133 rediit
468 3051 707 3151 Barcinonem‚
732 3069 974 3150 distribuitque
998 3068 1031 3132 in
1060 3067 1106 3132 se·

167 3181 225 3246 des
254 3181 444 3248 commodas
472 3181 629 3262 militem,
663 3197 843 3268 postquam
872 3181 948 3246 hinc
974 3195 1107 3249 centum
1151 3202 1154 3210 ’

33 3385 35 3394 y
86 3275 89 3282 ⁴
169 3296 273 3362 millia
317 3296 522 3364 scutatorum
561 3309 746 3379 acceperat.
822 3291 1106 3360 Fraucofurtensrs

175 3425 368 3480 conventus
396 3411 553 3477 deliberat
579 3410 618 3474 de
639 3409 768 3480 iudicio
792 3409 934 3494 Spirensi
966 3409 1109 3476 Franco·

169 3521 298 3590 furtum
327 3525 609 3604 transmouendo‚
633 3523 672 3588 dc
694 3543 756 3606 ro,
790 3523 881 3608 quod
912 3522 1107 3604 responden·

169 3635 247 3705 dum
276 3637 339 3704 crit
365 3639 476 3724 Regiae
502 3639 617 3706 Daniae
648 3637 743 3722 super
774 3638 910 3722 negotio
934 3635 1107 3713 Palatino,

169 3768 203 3818 rt
223 3753 305 3835 quid
322 3753 560 3837 Landgraviae,
587 3774 659 3836 quae
684 3753 790 3848 dicit,
812 3765 886 3816 ante
912 3768 1021 3830 pacem
1038 3748 1107 3814 suc·

172 3879 239 3935 tarn
263 3841 332 3936 non
362 3867 512 3949 possete
539 3867 669 3936 causam
699 3866 786 3936 suam
813 3884 832 3932 a
859 3863 958 3930 sociis
989 3863 1110 3928 distra-

513 4035 518 4046 .
597 3981 667 4062 134
733 4061 736 4068 Ι
1056 3977 1112 4040 hr-
