3014 5098
428 421 470 489 52
564 406 1230 518 uuooursortorrt

433 578 541 646 Gallis
561 581 803 663 quatermille,
828 599 847 645 a
864 576 1031 648 Catalarris
1048 575 1099 644 bis
1118 579 1223 644 mille:
1250 589 1365 659 captas

363 755 366 764 .
434 695 474 760 ab
503 712 543 760 eo
565 694 721 762 ducentas
744 709 777 760 et
802 672 967 778 sexaginta
987 695 1092 760 mulas
1111 706 1252 759 onustas
1273 693 1371 758 victu
1407 705 1410 712 ’

436 822 469 872 et
496 810 653 892 pecnnia:
701 809 735 872 in
769 805 1020 874 Pedemout'auis
1056 806 1141 872 iocis
1175 806 1257 874 nibil
1296 808 1371 892 agi,

334 916 337 927 ’
437 921 491 987 sed
522 924 608 989 inter
628 920 824 989 Pontificem
847 936 880 986 et
907 913 1113 990 Ethruscum
1136 918 1232 1006 supet
1257 933 1373 1005 pacto·

438 1055 512 1102 rum
548 1037 815 1119 interpretatione
847 1053 954 1105 novas
987 1035 1079 1101 nasci
1109 1029 1370 1100 controversias:

438 1150 567 1218 Ducem
592 1150 784 1217 Bulionium
816 1168 891 1216 cuna
922 1147 978 1216 su'a
1008 1167 1112 1216 uxore
1141 1149 1209 1214 esse
1233 1148 1371 1216 Romaea

440 1262 622 1344 Bedaium,
650 1285 724 1336 cum
745 1263 953 1330 Germanicis
979 1261 1179 1347 quibusdarti
1196 1276 1229 1326 et
1249 1258 1378 1331 Letha-

216 1417 220 1430 ι
336 1459 337 1462 ¹
440 1376 577 1462 ringicis
604 1377 717 1460 copiis
749 1378 792 1442 ad
820 1379 852 1443 X
876 1377 999 1458 millia,
1037 1379 1083 1442 ire
1110 1375 1306 1443 subventum
1328 1391 1376 1438 re·

441 1491 506 1557 bus
531 1489 692 1572 Flandriae
714 1491 969 1558 laborantibusr
1015 1493 1141 1558 Ducem
1164 1473 1378 1574 Anguianurn

394 1603 396 1612 '
437 1599 536 1669 ‘brevi
559 1604 751 1670 habiturum
771 1605 861 1687 apud
881 1607 912 1672 se
935 1605 999 1669 XV
1025 1605 1166 1670 rnilitum
1190 1604 1314 1682 miliia,
1345 1614 1378 1664 et

444 1717 704 1790 coniuncturum
727 1716 757 1782 se
778 1739 853 1785 cum
875 1717 1069 1785 Marescnilo
1096 1717 1256 1784 Turenae:
1294 1714 1380 1780 inter

424 1834 520 1906 ¹illas
555 1831 724 1918 Anguiani
755 1831 871 1915 copias
905 1831 972 1896 esse
1004 1831 1126 1898 milites
1161 1829 1309 1917 egregios
1346 1825 1381 1891 in

445 1947 596 2013 Leodico
624 1944 985 2029 nupet‘conscriptos:
1031 1945 1252 2027 praetorianos
1285 1941 1381 2024 equi·

373 2135 375 2138 ,
447 2073 497 2125 tes
522 2073 555 2125 et
580 2061 729 2142 pedites,
750 2059 869 2141 partim
893 2060 1073 2139 Peronam‚
1097 2058 1217 2142 partim
1242 2057 1283 2123 aci
1308 2073 1381 2123 cas·

410 2203 413 2209 ,
448 2188 500 2238 tra
526 2173 573 2236 ire
598 2172 724 2238 circum
745 2172 999 2258 Gravelingam:
1033 2190 1101 2238 eam
1123 2171 1256 2249 defendi
1277 2191 1296 2238 a
1321 2169 1382 2238 rni-

440 2287 567 2352 »iitibus
597 2300 647 2351 ter
679 2287 790 2368 rniile,
823 2307 842 2352 a
876 2287 1014 2351 rusticis
1049 2302 1082 2353 et
1117 2285 1380 2352 inhabitantibus

449 2398 502 2462 bis
523 2398 634 2478 mille,
656 2412 689 2462 et
714 2400 878 2465 abundare
901 2391 997 2466 rebus
1028 2399 1068 2466 ad
1090 2402 1211 2468 bellum
1238 2396 1383 2466 necesst-

449 2511 529 2576 riis:
563 2512 726 2578 aMelone
742 2527 866 2596 parrern
881 2514 1046 2582 exercitus
1062 2514 1199 2596 posrtam
1218 2510 1383 2598 Borborgi

448 2626 489 2691 ad
523 2625 817 2696 incommodrndos
855 2629 913 2710 qui
943 2628 1176 2712 Gravelingarn
1212 2626 1380 2706 obidens,

450 2739 574 2824 pattena
594 2738 723 2805 missam
744 2739 784 2805 ad
804 2740 1028 2822 prohibendos
1055 2734 1197 2807 conatus
1216 2739 1382 2823 Principis

449 2852 717 2921 Arausionensrse
757 2854 920 2920 Bavarum
939 2854 1160 2924 Hobeutwilae
1182 2854 1383 2922 obsidionem

449 2967 658 3052 aggressum,
682 2966 758 3050 spe,
787 2967 920 3050 aliquos
944 2968 991 3032 ibi
1015 2969 1073 3053 qui
1105 2967 1181 3034 sunt
1202 2968 1299 3050 posse
1329 2986 1386 3050 pe·

449 3080 547 3147 cunia
567 3069 664 3164 posse
686 3081 871 3164 corrumpi.
914 3081 1115 3148 Scribuntur
1133 3082 1186 3148 hic
1202 3102 1298 3148 novae
1316 3083 1386 3149 Co·

448 3195 576 3262 hortes.
629 3193 809 3261 eomitissa
838 3195 1075 3263 Suesfionenfis
1106 3197 1212 3260 adhuc
1246 3209 1386 3281 aegrotat

450 3320 483 3370 et
523 3305 690 3390 exspectat
733 3307 832 3374 filiam
868 3308 1017 3390 Principi
1058 3308 1195 3376 Thomae
1231 3325 1382 3393 nuptam.

449 3419 688 3486 Pariamentunt
718 3424 874 3488 omnibus
904 3421 1002 3487 ferme
1033 3421 1152 3488 edictis
1182 3424 1384 3508 pecuniariis

435 3541 559 3596 'moras
585 3533 717 3600 obiicit.
762 3537 902 3603 Mortua
924 3533 987 3600 iata
999 3549 1096 3598 nunc
1119 3552 1170 3601 est
1202 3537 1387 3606 Comitesia

449 3641 704 3714 suessionensis.
755 3649 882 3718 Missus
908 3648 943 3714 in
967 3667 1125 3716 carcerem
1149 3654 1273 3718 nothus
1302 3655 1387 3720 Car·

448 3753 568 3824 dinalis
588 3757 721 3844 Guifii,
756 3763 814 3849 qui
839 3761 1052 3835 conitiorum
1076 3763 1258 3834 Beliiforrii
1281 3766 1387 3850 patti-

448 3885 527 3956 cepe
549 3872 706 3944 creditor.
1189 3879 1191 3889 ’

1290 3993 1386 4062 Con·
1420 4028 1424 4032 ·
