3014 5098
238 511 241 514 -
346 495 349 499 ,
429 472 499 537 nm
571 433 1325 538 nunontsnnorr1”

436 639 550 732 suras,
566 639 598 704 in
616 639 762 721 suenum,
778 624 976 718 avenam‚et
994 638 1068 704 alia.
1099 638 1209 703 Plebis
1226 621 1396 722 edlingi-⁸

405 793 412 802 ·
437 774 511 838 nam
533 753 711 839 Regentem
736 753 920 818 concursus
938 750 1005 817 fuit
1026 753 1091 816 ista
1109 750 1377 832 deprecantium.

440 869 480 936 In
506 870 711 935 Parlamento
742 871 803 934 lrac
831 865 998 934 occasrone
1030 865 1139 930 liberae
1170 863 1265 930 dictae
1297 863 1379 928 sunt

403 1039 406 1048 ,
439 961 616 1050 sententiae⁸
633 981 670 1044 de
695 981 846 1062 pecuniis
874 998 940 1043 non
966 980 1054 1043 bene·
1077 974 1244 1058 impensis.
1323 973 1393 1044 Ea'

442 1097 480 1161 de
508 1095 602 1160 caula
625 1093 744 1160 Praeses
767 1093 969 1158 Barillonius
991 1068 1100 1157 iussus
1127 1091 1172 1155 ire
1183 1089 1395 1156 Pinerolum-

440 1229 532 1288 extra
557 1209 718 1278 Galliam:
766 1208 819 1272 alii
843 1222 909 1274 tres
936 1205 1111 1272 consrliarii
1132 1222 1191 1270 rus
1218 1202 1374 1288 ablegati.

441 1295 690 1390 Constituernnt
710 1321 888 1386 Senatores¹
902 1315 1146 1386 Parlamentarii
1162 1313 1246 1382 nihil
1267 1335 1377 1384 retum

388 1463 389 1471 ¹
441 1456 554 1522 agere,
581 1436 774 1518 priusquam
798 1436 944 1520 Collegae
962 1435 1043 1515 isti,
1068 1451 1190 1518 magnae
1209 1432 1379 1522 existima·

439 1549 545 1615 tionis
573 1549 658 1628 viri,
684 1546 744 1612 fibi
768 1547 991 1614 redderentur.
1040 1547 1199 1616 Sed'non
1220 1547 1379 1630 uidentur

439 1662 475 1727 in
502 1681 541 1726 eo
563 1659 735 1743 proposrto
763 1661 943 1742 perstituri.
1010 1661 1126 1729 Romae
1158 1663 1235 1728 vult
1264 1661 1376 1746 Papa‚'

437 1790 481 1842 ut
501 1775 608 1859 'legati
633 1791 786 1839 carrucas
810 1773 948 1855 sistant,
978 1777 1262 1858 ,praetereuntibus
1293 1775 1377 1841 Car-

436 1889 622 1955 dinalibus.
671 1889 843 1970 Hispanus
860 1889 970 1970 dolet,
996 1891 1086 1971 quod
1104 1889 1377 1956 Cardinilislltle÷

438 2005 567 2070 'dicaeus
594 2004 777 2089 Hispanica
800 2003 935 2088 insrgrtia
962 2001 1093 2068 foribus
1118 2002 1184 2068 suis
1208 1999 1373 2088 praeiigere

405 2197 407 2202 ,
442 2119 572 2198 noluit,
610 2117 766 2202 quodque
805 2117 1004 2183 Florentiam
1036 2117 1195 2184 Nunnius
1231 2117 1377 2190 mittitur

442 2232 674 2312 lientivolius,
697 2236 743 2296 'ex
773 2231 882 2296 dumo'
906 2232 1015 2298 Gallis
1045 2231 1239 2298 addictione.
1254 2251 1261 2306 s
1307 2231 1376 2318 Qui

440 2345 565 2412 Mottae
594 2343 725 2410 suntin
754 2346 991 2432 Lotharingia‚
1020 2345 1101 2432 saepe
1127 2367 1201 2414 cunr
1229 2345 1377 2412 obsesso·

441 2459 536 2524 ribus
566 2447 734 2544 pugnant:
790 2461 972 2526 mittuntur
1002 2461 1103 2544 hinc,
1123 2463 1195 2544 ¹qui
1229 2459 1375 2524 obsrdeu·

438 2573 527 2637 tium
556 2587 694 2656 augeant
721 2593 903 2640 numerum.
941 2595 943 2600 ·
971 2575 1035 2641 Sed
1062 2591 1094 2641 et
1125 2573 1374 2642 Durcearolu‘s

439 2688 484 2751 ad
512 2689 716 2754 eximendum
757 2691 882 2756 obfidio
922 2693 1034 2755 locum
1068 2674 1193 2774 accingi
1235 2687 1372 2760 dicitur.

443 2791 632 2865 Matescalli
649 2801 790 2867 Turenae
814 2803 934 2867 milites
950 2821 990 2868 ex
1007 2803 1226 2886 Lotharingia
1248 2798 1375 2894 'exituri

442 2925 510 2976 nnn
536 2914 632 2992 lunt,
658 2897 716 2982 m'li
746 2917 850 2980 medio
874 2916 985 2999 Aprili
1011 2931 1068 2981 aut
1095 2917 1166 2980 eius
1188 2914 1264 2980 fine.
1295 2915 1376 2980 Bec-

441 3025 520 3094 kius
544 3029 576 3090 in
595 3029 898 3115 Luxemburgicum
923 3029 1014 3094 venit
1037 3049 1112 3097 cum
1135 3029 1294 3094 sexcentis
1315 3027 1376 3092 flo-

405 3165 407 3171 2
440 3161 593 3207 tenorum
620 3146 790 3224 millibus,
815 3143 855 3209 ad
878 3159 988 3209 nouos
1010 3143 1156 3208 delectus
1183 3157 1215 3206 et
1244 3129 1284 3208 ad
1306 3161 1375 3208 mu·

440 3255 586 3321 miriones
612 3256 791 3344 faciendas.
859 3258 938 3324 Dux
965 3256 1233 3342 Longovillanus
1265 3255 1375 3322 itineri

440 3368 686 3437 Monasterium
718 3373 748 3438 se
781 3387 885 3454 parat.
954 3371 1100 3436 Indictio
1132 3369 1220 3435 facta
1252 3385 1304 3435 est
1339 3369 1374 3436 in

439 3497 523 3567 eos,¹
549 3486 671 3566 quibus
694 3489 842 3568 pecuniae
869 3487 995 3552 reditus
1021 3485 1204 3579 debentur.¹
1245 3486 1306 3550 'Ea
1328 3479 1374 3547 ef·

436 3595 570 3663 sectura
596 3615 734 3680 putatur
759 3600 921 3665 milliones
948 3599 1133 3664 duodecim.
1190 3600 1374 3681 Anglorum

440 3710 768 3780 Parlamentariornm
798 3716 904 3798 copiae
933 3714 972 3778 ad
1001 3713 1282 3789 Pontemfractum
1309 3711 1374 3774 cla·

442 3822 513 3888 (iem
538 3846 702 3912 accepere·
772 3829 853 3911 Spes
887 3828 978 3911 pacis
1011 3827 1057 3894 ibi
1085 3827 1188 3892 nulla.
1242 3825 1372 3901 Deus,

436 3939 658 4008 illustrissrmi
688 3955 720 4008 et
751 3941 1029 4011 Excellentisfimi
1058 3938 1220 4020 Domini,
1253 3936 1374 4006 Excel-

1309 4051 1378 4113 len-
