3030 5102
333 425 636 500 unrsuoum
679 425 958 502 maurum.
1062 451 1108 518 45
1143 423 1148 430 ’

166 604 380 675 conditiones
408 601 531 667 misere.
577 599 625 668 At
644 597 738 666 Seoti
757 599 796 666 ab
816 598 985 676 obsrdione
1005 601 1102 672 Novi

169 721 309 790 castelli
333 737 399 783 non
426 713 603 782 abfistunt.
632 688 787 792 ⁸Deus,
821 714 1041 813 Illustrissrmi
1065 733 1100 784 et

168 819 442 905 Eucessentissrmi
465 827 622 909 Domini,
645 826 863 894 Excellentiis
884 829 1021 914 Vestris
1046 831 1102 900 det

155 951 279 1045 omnia
294 993 467 1064 prospera·
493 942 644 1040 ¹Lutetiae
657 931 1103 1086 ffiApriHsCiDIOCXLiv.
1137 989 1141 996 ’

776 1194 907 1262 Excell.
931 1195 977 1262 V.
1044 1191 1048 1206 '

575 1306 745 1377 inservire
770 1307 1018 1392 paratissrmus,

643 1419 967 1508 obligatissrmusquc

747 1533 796 1600 H.
828 1535 1056 1604 Geonrue.

212 1765 298 1834 Sunt
312 1764 346 1830 in
361 1763 434 1832 auia
451 1765 666 1832 mutationes.
713 1760 949 1846 Hautefortia,
971 1765 1097 1859 gratio·

165 1879 198 1945 sa
225 1881 358 1944 antehac
382 1877 469 1962 apud
500 1879 678 1972 Reginam,
701 1881 775 1944 aula
798 1879 943 1946 elicitur.
985 1879 1103 1948 Mon·
1226 1963 1229 1968 ι

158 1993 349 2074 ,tresorius,
379 2012 397 2056 a
422 1993 516 2057 Duce
541 1989 764 2060 Aurelianenfi
789 1992 912 2058 eiectus
941 1995 1104 2072 antehac,

166 2107 265 2202 redit.
314 2101 486 2170 ‘Refidens
509 2103 658 2171 Poloniae
690 2105 787 2198 hodie
811 2105 945 2173 insolito
970 2108 1098 2174 honore
1183 2099 1189 2110 ’

165 2205 301 2286 carruca
325 2217 426 2304 Regis
448 2234 480 2285 et
505 2219 639 2306 Reginae
667 2219 700 2286 in
727 2222 832 2286 aulam
854 2220 1011 2301 ducitur,
1042 2221 1102 2286 be·

162 2333 282 2400 neficio
300 2329 479 2400 Maz'arini.
524 2334 690 2402 Audimus
712 2333 832 2420 Regem
852 2332 1023 2416 Hispaniae
1048 2349 1101 2400 re·

164 2448 269 2514 tinere
291 2446 350 2512 fibi
372 2449 468 2530 etiam
489 2464 565 2529 eas,
593 2467 666 2532 quae
692 2466 754 2530 pro
779 2447 1017 2512 mercatoribus
1039 2466 1098 2513 ve-

164 2575 280 2628 nerant
301 2581 342 2626 ex
367 2561 539 2642 Amorion,
569 2559 742 2643 pecunias.
787 2559 865 2625 Inde
885 2573 1019 2645 paratos
1039 2561 1098 2626 ha-

164 2677 240 2742 bere
268 2675 353 2740 duos
381 2675 544 2740 milliones
571 2673 688 2740 adres
716 2674 751 2739 in
784 2672 955 2741 Catalania
983 2693 1098 2760 geren·
1146 2747 1149 2752 ,

164 2790 246 2857 das..
284 2789 322 2854 In
354 2808 449 2873 quem
477 2787 569 2854 usum
591 2787 631 2856 ab
653 2787 885 2873 Arragonibus
914 2788 984 2854 dari
1009 2807 1098 2857 nova

165 2894 309 2970 militum
346 2917 492 2985 quatuor
528 2897 659 2984 millia,
695 2918 800 2988 equos
835 2896 887 2967 bis
921 2901 1033 2972 millet
1076 2923 1097 2971 a

165 3016 326 3087 valentiae
353 3035 453 3104 regno
481 3017 591 3086 mulos
617 3015 706 3090 mine
730 3017 944 3104 quingentos.
