3030 5102
373 437 440 495 -n
484 430 487 439 s
536 415 877 490 musonis
921 357 1197 494 onorrt

392 597 449 668 iric
474 593 571 662 habet
597 591 698 671 suos,
732 591 869 655 aiterum
892 561 1035 657 nobilem
1064 611 1155 676 extra
1182 597 1330 670 ordinem

321 709 324 718 ’
392 702 939 789 missum,aiterumRes1dentem
970 706 1192 791 ordinarium,
1224 729 1262 782 ut
1290 715 1352 782 fis

392 827 521 893 delibus
545 819 707 886 ministris
724 820 882 884 honorem
901 819 1054 900 haberet,
1080 824 1137 902 qui
1156 823 1252 892 fidem
1269 845 1325 896 ex.

390 940 476 1008 citat
494 947 531 1002 et'
554 933 683 1012 nutrit,
716 933 861 998 voluisse
890 951 954 998 rem
984 953 1051 1000 eam
1081 955 1138 1017 per
1164 953 1222 1004 eos
1248 942 1327 1021 hic,

387 1071 461 1122 uon
483 1063 591 1116 autem
616 1045 704 1130 apud
728 1047 759 1110 se
782 1047 933 1131 transigi.
981 1047 1061 1114 Haec
1080 1051 1189 1118 omnia
1214 1029 1339 1120 osten·x

391 1169 427 1234 di
449 1165 538 1233 Duci
555 1159 801 1240 Aurelianensi,
826 1161 973 1242 Principi
1000 1164 1172 1246 Coudaeo,
1198 1157 1345 1262 Cotuiti¹

395 1280 576 1360 Btienni0,
597 1277 655 1361 qui
674 1275 879 1342 Secretatius
902 1290 953 1340 est
973 1277 1012 1340 ad
1034 1298 1085 1344 res
1101 1295 1272 1362 externas,
1298 1299 1330 1348 et
1439 1271 1448 1282 ’

392 1397 547 1476 Baliolo,
579 1393 638 1474 qui
669 1390 796 1474 primus
827 1405 878 1454 est
908 1391 941 1455 in
974 1394 1079 1458 aerarii
1111 1413 1203 1459 cura.
1250 1396 1331 1460 Non

387 1509 512 1577 reticui
537 1519 696 1592 quantum
721 1511 777 1570 aut
802 1505 889 1569 bello
909 1521 965 1570 aut
990 1508 1062 1589 paci
1086 1511 1225 1574 allatura
1246 1509 1328 1574 esset

390 1622 595 1692 incommodi
613 1618 854 1702 istaPrincipis
875 1619 1034 1684 hactenus
1054 1618 1241 1690 fortisfimae
1261 1643 1332 1689 mu·

390 1739 500 1819 tatio,
524 1754 629 1818 neque
654 1732 758 1798 illud:
806 1733 976 1814 pecuniam
1005 1735 1040 1799 in
1065 1736 1141 1799 loco
1170 1739 1331 1822 negligere

324 1915 328 1924 ,
391 1852 569 1940 maximum
595 1846 758 1914 interdum
784 1861 834 1912 est
856 1849 1001 1914 lucrum.
1046 1849 1198 1914 Poscant
1221 1867 1327 1926 autem

393 1964 550 2046 Hassrci‚
576 1982 644 2028 non
668 1962 880 2046 improbabili
904 1962 942 2027 de
966 1962 1083 2045 causa,
1108 1965 1185 2047 quia
1202 1965 1329 2032 Mares·

388 2082 509 2146 callus·
529 2077 742 2145 Guebrianus
774 2077 888 2159 copias
921 2077 1097 2158 Hassrcas,
1134 2092 1167 2144 et
1195 2081 1346 2144 maxime.

391 2209 587 2278 equestres,
613 2172 671 2273 per
693 2183 904 2256 tres'meuses
925 2192 1066 2258 detinuit
1087 2192 1248 2273 inutiles,
1271 2213 1330 2274 per

390 2309 484 2391 quod
515 2305 573 2372 fibi
609 2321 663 2370 tot
690 2322 842 2390 agrorum
873 2305 997 2370 tributa
1026 2305 1216 2386 perierunt,
1241 2306 1327 2372 unde

388 2420 526 2488 alendus
546 2433 615 2484 erat
639 2420 828 2497 exercitus,
852 2419 950 2484 cuius
981 2419 1039 2490 vix
1067 2420 1217 2504 exiguam
1251 2439 1328 2504 par-⁴

389 2552 455 2604 tem
480 2533 594 2600 Hassra
620 2535 703 2598 alere
731 2551 788 2615 per
815 2532 844 2596 se
868 2545 1004 2615 potest,
1029 2533 1069 2596 ad
1086 2533 1238 2600 damnum
1259 2537 1326 2601 hoc

387 2650 625 2718 resarciendum
655 2646 858 2714 scutatorum
889 2662 1020 2712 centum
1050 2647 1166 2713 millia.
1234 2651 1328 2717 Atla-

387 2765 545 2851 gantibus
561 2775 668 2826 autern
684 2761 870 2841 praesentem
887 2759 1030 2840 inopiam
1046 2762 1193 2841 pecuniae
1205 2808 1217 2842 ,
1228 2783 1325 2846 quam

344 2929 346 2934 .
389 2877 580 2948 cardinatis
606 2873 750 2939 certeis
777 2873 834 2953 qui
860 2885 1014 2937 mortuus
1039 2889 1089 2948 est
1115 2874 1194 2940 fecit
1222 2878 1327 2946 maxi-

388 3011 494 3071 mam,
525 2991 558 3056 in
583 2988 751 3072 privatum
778 2986 981 3052 corradendo
1010 2988 1134 3056 multos
1159 2989 1324 3058 miiiiones

377 3106 537 3192 ¹publicis
578 3099 828 3168 necesfitatibus
865 3101 1067 3182 destinatos,
1101 3102 1191 3185 dixi,
1228 3104 1326 3186 posse

387 3218 605 3305 Landgraviae
636 3213 787 3280 satisfieri
812 3233 873 3296 per
898 3192 1080 3299 assignatos
1108 3215 1235 3280 reditus
1267 3217 1327 3282 bo·

386 3353 474 3400 nos:
522 3345 711 3416 quo-pacto
737 3344 936 3409 reperturam
962 3348 1029 3393 eam
1053 3328 1242 3410 praesentem
1265 3350 1322 3414 pe·

387 3447 541 3523 cuniam,
576 3424 726 3526 quamvis
750 3463 823 3508 cum
850 3441 963 3523 aliquo
986 3442 1130 3522 damno,
1163 3443 1226 3510 fine
1259 3467 1324 3529 qua

386 3560 552 3627 exercitus
571 3557 646 3637 ille,
671 3558 751 3621 adeo
775 3557 909 3623 antehac
933 3555 1028 3636 utilis
1053 3559 1221 3624 communi
1248 3580 1325 3625 cau.

391 3675 453 3753 sae,
479 3672 612 3753 retineri
642 3672 846 3752 aliquenon
875 3667 1000 3750 posset.
1070 3668 1324 3753 Responderunt

392 3770 505 3854 omnes
528 3787 605 3853 satis
623 3786 786 3865 comiter3
803 3782 1132 3850 Duxliureiiauensrs
1147 3788 1323 3872 ‚exiguum

383 3901 454 3972 esse
482 3899 523 3971 de
538 3916 637 3988 ‚quoi
652 3911 818 3984 ageretur:
864 3898 1022 3983 Princeps
1043 3901 1246 3982 ¹Condaeus,
1287 3904 1321 3982 in

1242 4033 1324 4081 con·
