3050 5096
319 438 955 512 EP18T‚nnceulsANTEM.
1046 465 1105 516 aar

170 613 474 688 muno-Germanici
494 612 693 692 ordinibus,
716 611 813 694 super
835 613 968 679 materia
992 617 1109 698 pacis,

174 754 192 799 a
214 732 318 816 Regni
338 727 504 795 soederatis
530 747 635 812 nuper
659 726 845 809 proposui.
912 728 950 793 In
977 749 1048 796 eum
1075 731 1114 796 fi-

175 867 246 912 nem
278 846 472 930 excogiratae
502 843 578 908 suar
600 840 791 926 ambagiosa
815 842 880 906 illae
908 847 1112 924 questiones

174 961 215 1026 de
239 959 338 1025 modo
359 955 581 1025 consultandi.
629 955 664 1020 Si
686 953 745 1020 sub
767 955 1030 1037 disquisitionem
1055 959 1116 1024 lla·

174 1088 270 1146 luunt
302 1073 411 1140 venire
435 1071 589 1136 deberent
613 1067 859 1153 proposrtiones
887 1088 1113 1154 coronatura,

133 1166 136 1177 s
175 1189 218 1258 ad
243 1205 369 1270 paucos
396 1203 509 1251 eorum
539 1177 789 1248 ventilationem
821 1183 910 1252 illam
940 1181 1115 1254 devolvere

174 1301 378 1386 satagebant.
425 1299 516 1364 Hinc
538 1297 644 1380 prima
664 1316 744 1362 cura
760 1297 849 1380 fuit,
873 1298 963 1366 solos
979 1300 1117 1367 Electo-

175 1419 260 1484 tales
283 1414 483 1480 tractatibus
506 1410 671 1478 adhibete.
716 1413 845 1478 Deinde
862 1433 936 1480 cum
959 1412 1116 1496 ordines,

175 1527 310 1603 incitati
341 1529 412 1594 iure
443 1527 585 1609 proprio
614 1540 648 1592 et
679 1527 877 1593 cdronarum
908 1526 1117 1593 adhortatio-

176 1641 300 1723 nibus,
335 1640 395 1727 ipsr
432 1641 628 1706 intervenire
657 1641 963 1708 consultationibus
998 1643 1117 1708 statue·

179 1768 276 1836 tent,
309 1754 479 1838 proposita
498 1769 550 1820 est
572 1754 679 1821 forma
701 1755 913 1822 consultandi
938 1774 996 1840 pet
1022 1772 1116 1823 xvttt
1173 1784 1176 1789 ·

178 1869 308 1952 imperii
327 1869 456 1950 status,
490 1870 547 1951 qui
573 1871 653 1935 alias
684 1869 835 1952 deputati
867 1883 1054 1951 vocantur,
1085 1883 1119 1936 et

179 1995 368 2050 conventus
394 1973 528 2063 eorum,
553 1983 717 2050 ordinaria
737 1981 924 2064 deputatio.
969 1983 1035 2048 Pro
1052 1985 1117 2048 hoc

109 2093 111 2100 ’
178 2096 280 2162 modo
302 2095 469 2162 obstinate
489 2097 529 2162 ab
551 2097 593 2162 iis
613 2111 818 2182 pugnatum,
844 2087 1019 2177 omniaque
1040 2096 1120 2162 arti·

179 2209 255 2279 licia
271 2211 472 2294 excogitata.
519 2210 643 2276 Verum
658 2209 930 2294 quemadmodum
947 2213 1034 2276 arina
1050 2229 1121 2295 reg-

178 2345 298 2392 norum
318 2326 479 2390 hactenus
495 2323 621 2388 invicta
637 2325 908 2402 extiterunt‚,ita
922 2327 1018 2390 etiam
1030 2326 1123 2410 quic·

182 2438 262 2520 qnid
273 2437 462 2504 technarum
473 2435 606 2502 adversa
615 2455 692 2517 pars
708 2437 760 2504 hic
776 2439 959 2519 explicuit,
971 2439 1122 2504 constan·

183 2554 209 2618 ti
225 2551 441 2618 consonantia
452 2549 654 2636 legationum
666 2549 793 2616 Suediae
809 2567 841 2616 et
860 2552 978 2618 Galliae
995 2551 1122 2618 distur-

182 2667 296 2734 batum
324 2681 397 2753 es13
451 2678 689 2745 exortusque,
704 2665 944 2733 reluctantibus
967 2665 1124 2732 dustria·

184 2783 259 2862 cis,
292 2803 366 2848 cunt
391 2778 551 2862 applausu
580 2794 613 2844 et
642 2779 735 2866 votis
765 2780 918 2848 ordinum
945 2781 1124 2863 utriusque

183 2894 395 2981 Religionis,
427 2893 546 2960 modus
576 2892 883 2977 extraordinarius;
930 2895 1057 2960 scilieet
1086 2907 1126 2962 ut
1179 2957 1183 2968 ,

184 3021 354 3084 omneset
375 3007 493 3092 singuli
523 3006 656 3072 ordines
682 3008 821 3074 habeant
848 3011 904 3074 hic
929 3008 981 3074 ius
1010 3006 1125 3074 sesso·

146 3157 149 3166 ν
180 3124 234 3190 nis
269 3134 302 3186 ct
335 3120 430 3199 voti,
463 3119 562 3204 idque
587 3121 628 3186 ad
659 3123 792 3188 madunt
824 3122 1058 3203 comitiorunl,
1090 3123 1126 3189 in
1155 3121 1160 3132 '

142 3233 145 3244 “
181 3238 293 3306 tribus
318 3235 445 3318 imperii
469 3235 643 3322 collegiis,
686 3234 876 3304 constitutis
911 3235 945 3300 iu
981 3249 1128 3319 utroque

181 3352 261 3415 loco
287 3365 504 3418 tractatuum.
568 3349 633 3417 Pro
653 3347 751 3416 huius
774 3351 821 3415 tei
841 3351 1127 3434 consolidatione,

182 3464 316 3532 sttnulac
341 3480 379 3532 ut
406 3467 575 3550 salutarem
604 3464 824 3534 Celsrssrmunn
851 3466 977 3542 Ducem
995 3466 1128 3552 Longe·

183 3576 369 3657 villanum,
393 3580 637 3647 Monasterium
658 3578 817 3646 concessu.
864 3569 1074 3661 Deprehe'ndi
1093 3580 1128 3648 iu

185 3691 280 3762 dicto
307 3692 457 3775 principe
482 3714 509 3758 rn
532 3711 612 3778 gaas
635 3694 734 3759 aniani
753 3695 871 3774 dotes,
896 3707 1127 3780 easquetotas

186 3807 349 3888 requiram
377 3806 476 3872 federi
501 3709 726 3884 Conservando
752 3823 789 3873 et
810 3808 978 3874 communi
1004 3805 1134 3875 caussae

188 3923 425 4018 promovenda
459 3906 576 3988 dicati.
650 3922 758 4007 Quam
797 3923 1011 4023 intentionem
1056 3940 1131 3988 cunt

617 4035 649 4101 ll
675 4030 710 4117 ς’
1035 4033 1132 4101 etiam
