3030 5102
577 393 732 480 sl)

200 579 265 628 ratu
276 576 295 639 ,¹
310 576 392 642 quae
411 559 546 641 reliquis
562 558 656 624 soliis
673 559 888 642 continetur,
909 563 1137 636 Oxenstieraae

194 677 368 759 Epistolae
394 675 542 755 implent.

192 845 196 852 .
235 790 410 870 Epistulae
434 787 548 852 Grotii
574 787 648 854 sunt
675 808 810 855 numero
833 792 999 874 XXVII,
1018 813 1146 884 omnes,

192 901 354 983 Latinae,
377 903 531 967 Lutetiae
552 884 768 983 P'arisrorum,
796 905 853 970 ubi
878 907 1024 992 Legatos
1048 911 1128 976 Sue·

124 1100 126 1110 Ι
192 1015 260 1080 clae
287 1016 420 1099 degebat
448 1017 613 1096 Grotius,
645 1018 806 1100 scriptae,
838 1037 936 1101 atque
970 1023 1060 1088 alatae
1086 1024 1127 1090 ad

192 1128 232 1193 ad
256 1129 386 1196 illustr.
415 1131 517 1196 Dom.
542 1133 716 1196 Iohannem
738 1133 1001 1214 Oxerrstiernam,
1026 1136 1128 1222 Regi·
1215 1178 1218 1188 ι

189 1260 247 1306 nae
267 1243 438 1328 llegnique
458 1245 591 1309 Suedici
616 1245 802 1326 Senatorem
831 1263 862 1311 et
883 1248 1043 1332 Legatum
1070 1269 1126 1316 ex·

188 1369 239 1420 tra
263 1358 410 1422 ordinem
435 1372 502 1423 etc.
526 1374 590 1423 etc.
616 1373 674 1423 aut
705 1359 745 1446 ad
774 1361 911 1426 eundern
940 1376 972 1426 et
1002 1365 1041 1427 ad
1071 1363 1124 1429 Io·

187 1473 323 1538 hannem
342 1471 516 1551 Salvium,
550 1474 656 1538 Aulae
685 1475 904 1540 cancellariae
933 1475 1123 1544 Senatorem

186 1599 218 1648 et
243 1584 425 1669 Legatum,
448 1588 584 1666 ambos,
612 1587 709 1652 modo
734 1588 868 1653 Miadae
896 1587 994 1653 modo
1015 1591 1123 1656 Osna·

184 1671 326 1783 bragae,
357 1715 395 1765 ut
431 1700 469 1764 de
502 1701 583 1766 Pace
610 1698 757 1765 facienda
776 1718 926 1786 agerent,
952 1703 1118 1788 degentes.

185 1813 249 1878 Sex
265 1829 414 1894 tantum,
439 1834 558 1896 eatque
573 1817 762 1894 breviores,
784 1815 857 1880 sunt
877 1819 1118 1900 autographae3

181 1929 324 2012 reliquae
350 1949 462 1994 omues
496 1931 558 1994 alia
587 1928 868 2010 manuscriptae,
894 1931 1017 2022 quibus
1044 1928 1120 1996 sub·

180 2038 392 2122 scriptionem
426 2057 554 2108 tantum
589 2043 744 2125 apposnit
777 2043 936 2108 Grotius.
983 2075 985 2082 ·
1020 2043 1119 2110 Tem·

179 2171 266 2240 pus,
301 2174 369 2235 quo
395 2157 527 2222 Literae
555 2157 628 2222 illae
655 2156 792 2236 scriptae
817 2155 914 2234 suut,
948 2155 1067 2237 incipit
1098 2177 1117 2223 a

64 2311 65 2318 a
177 2267 281 2332 mense
298 2269 392 2334 Maio
410 2273 487 2336 anni
509 2273 612 2350 1643,
633 2288 699 2351 quo
720 2269 802 2333 diem
823 2268 1005 2352 supremum
1025 2271 1117 2333 obie-

177 2396 227 2446 rat
260 2383 460 2452 Ludovicus
489 2385 592 2464 XIII,
631 2377 787 2447 Franciae
824 2381 918 2461 Rex,
953 2383 1113 2450 adfinem

175 2495 290 2561 mensas
307 2499 436 2579 Aprilis
456 2501 561 2578 1645,
585 2513 617 2560 et
633 2497 725 2562 brevi
740 2509 828 2576 ‘post
845 2495 990 2558 ultimam
1010 2495 1111 2576 scrip·
1165 2585 1167 2593 Α

175 2619 240 2675 tam
269 2611 460 2690 Epistolanr
477 2608 744 2698 ·Stocltholmlam
772 2607 916 2690 perrexit
944 2609 1110 2690 Grotius,

172 2721 336 2806 legatione
359 2722 530 2790 dimissus.
577 2781 580 2787 a

217 2837 408 2902 Collatione
430 2838 584 2905 instituta
608 2857 681 2904 cum
709 2838 808 2904 editis
835 2837 989 2922 Hugonis
1017 2836 1108 2902 Gro-

170 2947 213 3038 1ῑῌ
231 2950 421 3029 Epistolis‚
457 2939 609 3016 cumin:
642 2953 798 3035 lingonis
823 2951 938 3016 Grotii
965 2949 1105 3027 Epitre-

172 3041 243 3146 lae,
259 3063 512 3144 llmstelodami,
532 3067 612 3141 1687
625 3109 636 3141 ,
648 3062 755 3143 folle,
775 3084 828 3149 ap.
840 3065 879 3130 P.
899 3077 930 3126 et
948 3061 976 3123 Ι.
989 3061 1101 3128 Blaeu·

59 3234 61 3239 .
170 3191 240 3242 turn
265 3177 318 3240 in:
354 3177 510 3260 Hugonis
538 3175 653 3242 Grotii
685 3177 859 3256 Epistulae
881 3174 1039 3251 ineditae,
1064 3190 1115 3240 ex.
1166 3185 1170 3204 J

168 3289 595 3359 MuseoMeermanniano.
636 3287 780 3353 Harlemi
810 3289 905 3352 1806.
948 3291 1002 3350 8⁰.
1044 3304 1100 3368 ap.

169 3401 393 3488 A.Loosjes,
416 3403 494 3484 Ps.,
518 3406 649 3488 patuit,
676 3417 820 3484 quatuor
845 3403 1004 3486 epistolas
1027 3400 1101 3466 Co·

169 3515 255 3584 dicis
282 3517 536 3597 Hannoverani,
555 3534 586 3582 et
613 3518 742 3598 quidem
764 3516 984 3600 autographas
1003 3515 1099 3593 illas,

154 3631 271 3695 ‘editas
306 3631 367 3715 legi
402 3633 434 3695 ia
459 3632 668 3699 Collectione
690 3629 867 3707 lllaviana,
905 3626 944 3690 de
973 3625 1097 3711 quibus

167 3744 226 3812 suo
251 3746 328 3809 loco
354 3717 570 3812 monebimus.
890 3755 892 3760 “

193 3837 510 3928 ¹Animaduertimus
534 3879 670 3942 porro,
717 3859 752 3926 iu
780 3855 948 3943 Epistolis
976 3851 1099 3930 editis,

601 3970 621 4046 J
646 3990 666 4056 3
1004 3984 1101 4038 unam
