3014 5098
354 370 646 490 EPISTOLAE
690 390 980 490 mmm
1069 359 1136 508 ij

603 617 706 683 XVI.

178 817 225 890 D·
270 815 512 887 IOHANNI
567 815 987 887 OXENSTIERNAE
1051 831 1109 880 n

220 931 268 1000 D.
298 931 545 999 IOHANNI
575 931 802 996 ADLERO
842 927 1067 1010 SALVIO,

316 1157 317 1164 ἵ
377 1072 512 1158 Reginoe
536 1067 664 1137 Sue‘diae
686 1086 751 1136 etc.
778 1071 908 1158 legatis.
1001 1102 1003 1114 ι

344 1299 625 1367 litusmssmi
650 1317 699 1365 ετ
721 1298 1069 1365 Exczmunssmt
1133 1355 1136 1360 .

425 1411 586 1480 DOM1N1!

173 1665 175 1672 ¹
216 1558 397 1726 Regina
424 1641 553 1728 Regens
583 1641 737 1710 Mottam
760 1643 1016 1723 Odincurtium,
1047 1637 1107 1720 qui

149 1767 151 1770 ·
171 1773 235 1837 pro
245 1755 355 1820 Gallia
370 1755 592 1835 Cataianiam,
609 1771 641 1822 et
659 1757 717 1840 qui
740 1757 787 1822 ibi
808 1773 899 1822 erant
915 1754 1105 1832 exercitus,

170 1868 280 1947 rexit,
304 1869 419 1949 iussu,
442 1887 518 1934 cum
539 1869 580 1934 ad
599 1871 705 1935 auiam
718 1870 844 1936 accitus
867 1865 1014 1948 veniret,
1030 1863 1106 1948 capi

172 1979 208 2044 in
226 1981 497 2064 urbeLugduni,
513 1969 545 2046 et
565 1983 600 2046 in
621 2001 744 2062 arcem,
757 2003 829 2066 quae
841 1983 887 2046 ibi
904 1997 980 2067 esti,
993 1980 1105 2043 detru-
1161 2053 1164 2060 ¹

173 2075 220 2157 di.
267 2093 364 2158 Fama
375 2107 447 2174 est,
463 2113 536 2160 eum
553 2097 617 2161 huc
636 2097 735 2176 duci,
761 2097 826 2162 five
850 2109 886 2162 ut
905 2091 1104 2176 supplicium

170 2205 253 2272 ferat
287 2209 417 2302 culpae,
449 2207 472 2272 ‘fi
504 2229 539 2274 ea
574 2211 654 2274 bene
683 2226 851 2292 comperta
882 2225 954 2288 est,
978 2202 1044 2271 five
1065 2217 1105 2268 ut

170 2321 270 2405 longa
286 2320 480 2402 captivitate
492 2319 579 2386 sedet
594 2323 720 2389 animos
739 2324 994 2402 Catalanorum,
1009 2317 1105 2386 vaide

169 2431 205 2497 in
230 2433 335 2515 ipsum
362 2433 528 2498 accensos.
576 2435 652 2500 Hoc
675 2439 823 2518 exemplo
847 2437 983 2520 territus
1009 2435 1102 2500 Mat·

160 2547 246 2611 ¹chio
266 2530 540 2627 'Chaumontius,
574 2562 613 2611 ut
629 2549 761 2629 credo,
787 2549 852 2614 huc
879 2568 945 2614 non
976 2547 1097 2612 veniet.

149 2659 235 2726 ·Est
256 2662 341 2725 enim
360 2663 431 2727 eius
451 2661 546 2727 causa
568 2662 661 2746 peior
685 2664 741 2728 illa
763 2663 967 2730 Odincurtii.
1013 2661 1102 2726 Nam

166 2793 244 2839 cum
277 2775 425 2841 mandata
458 2775 589 2841 haber'et
620 2777 839 2860 impediendi,
873 2798 912 2844 ne
935 2776 1099 2857 Pamphy-

168 2885 235 2952 lius
265 2885 356 2953 fieret
383 2890 493 2972 Papa¹,
519 2909 586 2955 non
611 2891 711 2956 modo
733 2891 889 2974 pecunias
920 2890 1009 2956 inid
1039 2887 1100 2952 fibi

168 2999 281 3063 missas
307 3001 366 3066 fibi
391 3004 549 3082 retinuit,
582 3001 635 3065 sed
667 3019 700 3068 et
729 3004 809 3068 alias
842 3015 893 3066 est
921 3001 1097 3085 stipulatus
1126 3006 1129 3014 '

167 3129 322 3196 magnas,
346 3127 383 3179 ut
400 3115 492 3205 illum
509 3115 627 3197 Papam
644 3115 713 3180 fieri
732 3089 859 3180 sine'ret.
907 3113 1098 3194 Galli‚qui
1207 3129 1235 3140 ”

167 3225 207 3290 ad
234 3225 403 3308 superiora
426 3227 502 3294 sunt
528 3223 659 3308 Rheni‚'
692 3226 876 3295 Crucendti
903 3245 1007 3292 arcem
1037 3245 1097 3292 cu·
1141 3229 1177 3314 J*

166 3338 287 3405 niculis
312 3355 344 3403 et
368 3341 502 3422 pulvere
529 3343 648 3408 bellico
681 3343 733 3407 ita.
753 3343 936 3424 impetunt,
966 3354 1005 3406 ut
1032 3331 1096 3406 iam

165 3449 298 3530 dicant,
317 3453 366 3536 agi
389 3453 428 3517 de
450 3454 629 3522 deditionis
653 3443 930 3535 conditionibus,
955 3441 1102 3535 deinde,'

166 3564 197 3630 se
214 3565 323 3628 ituros
338 3582 460 3631 contra
477 3569 502 3634 F
506 3571 753 3636 rancothaliam.
786 3559 986 3656 iidittrotum
1001 3566 1095 3651 equi·
1156 3601 1159 3608 ,

166 3691 258 3742 tutus
283 3678 316 3741 in
342 3680 524 3749 Franconia
546 3698 630 3764 est‚·
650 3683 816 3765 peditatus
848 3685 880 3747 in
906 3682 991 3745 locis
1017 3679 1098 3746 inde'

166 3807 240 3854 non·
263 3793 380 3876 longe,
406 3815 478 3875 quae
504 3815 552 3860 res
583 3797 770 3862 Electorern
795 3789 1093 3878 Magontiacensem

166 3907 301 3993 codgit‚
324 3905 442 3974 omissa
465 3907 690 3994 disputatione
713 3909 751 3974 de
770 3906 1019 3978 conditionibus
1042 3910 1095 3974 in*

604 4023 676 4110 Es
1051 4036 1099 4087 ter
