3014 5098
410 450 461 534 96
547 431 891 511 HUGONIS
935 431 1214 505 ottortt

407 635 476 702 quo
497 615 606 680 'literae
631 622 791 677 venerunt
814 606 946 701 quidem
962 609 1076 674 multis
1100 627 1140 674 ert
1163 609 1272 691 locis,
1295 601 1352 676 sed

407 704 617 813 expectamus
639 724 813 790 certiores.
891 722 1104 790 Francofurti
1129 725 1352 793 credebantur

405 845 440 910 in
489 845 563 907 lota
600 839 790 924 propinqua
826 837 1025 904 conventuri
1069 837 1116 903 D.
1154 836 1351 904 Totllenso·

405 957 483 1023 nius
510 971 543 1020 et
565 952 834 1019 Dmakoczius.
879 952 912 1017 ll
935 950 1068 1018 Comite
1094 950 1243 1018 Tzerino
1266 955 1347 1020 mis·

403 1074 460 1141 lus
494 1069 626 1155 quidam
661 1066 821 1132 Viennam
851 1078 1005 1146 venerat,
1043 1066 1101 1148 qui
1134 1066 1348 1150 ostenderet,

408 1185 533 1270 quibus
558 1181 666 1249 modls
690 1180 851 1246 Snltanus
878 1179 1001 1261 placati
1025 1178 1139 1261 posset
1152 1207 1167 1261 ‚·
1195 1199 1263 1268 non
1298 1182 1350 1247 ln·

403 1300 554 1378 utiliter,
579 1312 615 1362 ut
634 1294 787 1375 'videtum
821 1291 1056 1358 diciturenim
1080 1294 1179 1360 Bassa
1203 1271 1373 1361 offenfia'

404 1390 560 1481 excursus
585 1424 658 1476 ante
686 1409 754 1476 fieri
782 1405 900 1472 solitos
931 1405 1128 1473 inhibuisse.
1175 1409 1346 1476 Mirantur

294 1539 322 1586 A
403 1527 605 1612 prurientes,
637 1521 701 1588 hol
724 1519 795 1602 ipso
822 1534 967 1603 tempore
989 1539 1114 1587 novum
1141 1521 1182 1587 ab
1206 1522 1349 1606 Impera-

406 1653 479 1707 tore
509 1631 634 1704 factum
668 1636 813 1699 edictum
846 1649 964 1700 contra
994 1635 1231 1702 Acatholicos.
1299 1639 1349 1704 At

405 1749 682 1820 vero‘Catlrolici
708 1747 850 1817 Romani
872 1747 907 1814 in
932 1748 1076 1832 Imperio
1099 1749 1273 1846 Principes
1297 1751 1348 1816 di·

292 1917 294 1921 ,
406 1867 532 1934 munus
553 1865 698 1949 cogitare
721 1864 759 1928 de
784 1861 847 1928 fide
871 1861 991 1929 Galliae
1019 1863 1245 1949 imploranda3
1293 1865 1348 1930 sed

406 2002 503 2067 quam
532 1961 717 2065 suspectam
750 1976 847 2044 habet
875 1977 1014 2046 Elector
1043 1976 1348 2064 Magontiacenfis,

402 2099 440 2164 ln
475 2079 517 2162 ld'
541 2094 689 2176 exempla
719 2092 850 2172 aliquot
883 2090 1020 2156 afferens
1052 2091 1149 2158 etiam
1187 2093 1347 2160 recentia.

406 2213 505 2278 Certe
531 2211 627 2288 loca,
652 2226 725 2289 quae
753 2203 898 2271 aGallis
923 2219 1098 2287 tenentur,
1122 2207 1248 2292 magnis
1273 2225 1350 2290 pre·

406 2337 545 2392 muntut
566 2317 812 2387 exactionibus.
863 2318 1083 2384 Marescallus
1101 2319 1244 2386 Turenae
1262 2335 1294 2386 et
1310 2321 1348 2386 in

406 2436 625 2507 Wormatinm
647 2432 839 2502 introduxit
868 2431 1090 2499 Genevensem
1119 2433 1345 2500 lleformatio·

405 2569 502 2630 nem,
531 2563 564 2615 et
586 2547 770 2614 Luthetani
796 2560 983 2628 queruntur
1003 2545 1063 2612 fibi
1083 2549 1291 2631 Oppenhemi
1313 2561 1348 2616 et

405 2669 478 2732 aliis
503 2666 537 2747 in
565 2663 651 2728 locis
675 2661 842 2728 sacrorum
871 2661 1054 2728 libertatem
1086 2679 1155 2728 non
1182 2663 1345 2747 permitti.

406 2781 490 2865 Quae
516 2777 556 2842 ad
583 2795 693 2859 pacem
722 2774 903 2858 proposuit·
922 2776 1200 2860 D.Servientus,
1223 2779 1347 2846 haben-

313 2921 314 2928 *
404 2909 462 2960 tur
486 2887 700 2958 Francofurti
727 2907 795 2954 non
820 2908 881 2975 pro
908 2891 1033 2972 novis,
1070 2889 1123 2955 sed
1150 2910 1213 2974 pto
1238 2896 1347 2977 expli·

405 3008 534 3078 catione
562 3004 715 3071 uberiore
741 2985 855 3070 eorum
881 3025 954 3088 quae
979 3004 1168 3074 dictasunt
1193 3010 1345 3078 antehae.

249 3111 252 3115 ’
346 3180 350 3186 ,
402 3123 449 3188 D.
475 3122 698 3204 Beaupuyns‚
723 3119 848 3185 nobilis
871 3119 1078 3188 domesticus
1108 3123 1243 3189 anteltac
1272 3126 1344 3192 Du·

405 3225 457 3301 cis⁴
483 3235 689 3315 lleaufortii‚
715 3231 772 3318 qui
804 3233 919 3300 Romae
950 3233 1077 3319 asylum
1103 3234 1164 3302 sabi
1193 3236 1345 3306 futurum

404 3351 567 3436 putabat,
605 3362 725 3430 captus
760 3348 808 3415 ibi
842 3365 915 3431 est,
951 3363 984 3414 et
1020 3364 1166 3432 quatuor
1202 3353 1345 3420 navibus

404 3464 515 3552 longis
544 3465 609 3530 huc
641 3461 799 3527 mittitur.
869 3463 1042 3550 Obligavit
1069 3466 1199 3548 quidem
1226 3471 1347 3554 Papam

392 3559 591 3648 'Cardinalis
614 3579 831 3659 Matutinus,
872 3599 946 3644 cum
976 3579 1125 3647 Camlllo
1146 3585 1344 3668 Pamphylio

403 3693 579 3760 Abbatiam
620 3685 710 3772 dedit
738 3692 949 3760 Corbiensem
982 3694 1014 3758 in
1047 3694 1179 3778 Gallia,
1216 3700 1343 3766 reditus

404 3807 573 3874 habentem
592 3809 632 3874 ad
651 3808 776 3874 LXXX
792 3806 893 3873 millia
910 3809 1134 3893 florenorum3
1161 3811 1213 3878 sed
1228 3813 1343 3880 etiam·

404 3921 488 3992 nid
512 3941 579 3988 non
607 3922 711 4005 esset,
743 3920 866 4004 semper
892 3922 1086 3992 cardinales
1113 3945 1225 3994 omues
1252 3929 1344 3993 ulto·

1291 4057 1344 4104 res
